1788 3183
72 164 349 204 Gnfflxmm.
422 160 704 202 Onsmivarlo
751 171 998 200 GzoPoch
1044 172 1101 198 ΕΤ
1143 171 1420 199 οΕοοιςωῐιεΑ
1487 163 1568 206 569

77 282 121 321 in
144 281 368 334 superiore
390 289 511 334 parte
535 281 867 320 remanentibus.
928 279 1183 319 saccharum
1216 279 1410 319 melioris
1445 291 1571 323 notae

80 337 296 389 pulverem
337 347 436 377 tunc
472 337 583 375 sistit
617 336 889 390 granulosum
935 335 1078 374 colore
1110 334 1280 374 helvolo
1312 336 1376 374 vel
1410 336 1572 377 albido-

83 391 365 438 flavescente,
413 392 721 431 subviscidum:
766 392 1007 431 saccharum
1038 390 1298 429 farinaceum
1332 405 1363 429 S.
1396 392 1569 432 crudum

83 458 339 501 nuncupant.
398 448 471 486 Illa
503 462 604 486 vero
637 447 825 487 sacchari
856 461 974 500 pars,
1009 446 1076 485 cui
1108 445 1242 496 major
1264 445 1418 499 liquidi
1451 450 1575 502 copia

78 504 295 548 inhaeret,
341 503 487 542 colore
521 505 772 542 obscuriore
815 512 908 549 est,
947 502 1063 541 fulvo
1096 511 1165 539 aut
1195 501 1359 540 rusulo:
1390 500 1573 542 Mascu-

83 559 191 597 hado
239 560 394 597 dicunz.
454 559 638 598 Modulis
682 568 890 597 exemtum
934 558 1091 597 storeis
1124 558 1376 596 insternitur
1407 560 1574 614 solique

81 614 322 668 expositum
357 629 454 654 mox
484 624 643 652 tantum
673 614 936 653 humiditatis
967 614 1148 657 amittit,
1182 623 1227 651 ut
1258 614 1418 666 magnis
1451 617 1574 656 cistis

79 671 235 724 ligneis
275 670 434 709 includi
488 671 649 722 possit,
693 669 846 724 quibus
884 671 926 708 in
970 671 1184 721 Europam
1224 668 1407 708 vehitur.
1468 674 1575 713 Sunt:

83 727 162 766 hae
191 726 235 765 in
273 727 454 766 Brasilia
494 727 717 765 maximae.
760 727 918 779 quippe
959 738 1062 779 quae
1114 723 1403 773 1300--11400
1444 727 1574 767 libra-

83 797 173 821 rum
216 781 380 834 pondus
421 791 626 836 aequent3
670 782 847 835 parique
888 780 1100 819 volumine
1144 780 1186 818 in
1228 782 1405 820 caeteris
1445 785 1574 823 terris

80 837 375 877 sacchariferis
421 839 489 877 vix
529 837 803 876 fabricantur.
875 835 1126 877 Saccharum
1170 836 1344 874 crudum
1377 837 1419 876 in
1450 840 1577 880 solidi

80 909 114 933 s.
146 893 417 945 pyramidalis
446 893 640 941 formam,
672 893 870 932 duritiem
901 902 943 931 et
973 891 1244 944 splendorem
1274 902 1437 946 mutare
1465 895 1574 936 haud

75 950 414 995 Brasiliensium,
448 949 520 988 sed
540 949 790 988 nostratium
810 958 873 988 est
889 947 1124 986 industriae
1147 961 1157 996 3
1189 948 1245 986 ita
1268 958 1309 986 ut
1329 949 1421 989 illic
1440 960 1574 991 terra-

80 1020 173 1043 rum
189 1005 254 1042 vix
271 1006 351 1043 nisi
369 1005 626 1044 farinaceum
650 1004 691 1042 in
710 1018 827 1043 usum
845 1003 981 1043 veniat
1002 1012 1127 1056 atque
1149 1004 1268 1042 crudi
1291 1004 1575 1062 fuscidulique

83 1061 250 1115 quidam
281 1075 431 1113 panes,
477 1075 582 1114 quos
623 1058 861 1113 Rapadnra
893 1060 1052 1098 dicunt.
1111 1059 1303 1099 Ulterior
1332 1071 1469 1101 autem
1500 1065 1573 1105 de-

84 1117 251 1169 puratio
294 1116 339 1155 fit
381 1117 531 1155 iterata
571 1129 664 1154 cum
707 1130 810 1168 aqua
850 1124 893 1155 et
931 1129 1022 1154 cum
1062 1129 1167 1168 aqua
1200 1116 1327 1154 caleis
1359 1120 1572 1169 coctione,

84 1173 426 1224 despumatione,
496 1185 573 1223 per
611 1185 771 1223 pannos
815 1171 959 1210 laneos
1017 1172 1340 1211 transmissione
1385 1182 1426 1213 et
1465 1176 1577 1216 intra

86 1228 282 1267 modulos
313 1228 389 1273 iis,
424 1241 530 1281 quos
561 1226 888 1280 descripsimus,
932 1227 1093 1266 similes
1125 1228 1492 1278 crystallisatione.

194 1284 319 1343 Quod
351 1284 545 1336 expo³ito
561 1283 641 1322 hoc
656 1283 782 1321 modo
806 1293 1082 1336 praeparatur
1113 1283 1355 1322 saccharum
1389 1288 1576 1335 crudum,

86 1340 227 1378 variae
262 1340 390 1378 sortis
422 1348 511 1383 est,
562 1340 650 1378 sive
688 1339 808 1377 color
848 1348 1087 1391 spectetur,
1133 1339 1220 1377 sive
1253 1340 1444 1391 pondus,
1486 1345 1575 1384 sive

87 1395 408 1448 deliqui-scendi
440 1396 559 1434 ocius
587 1395 767 1433 citiusve
800 1395 932 1436 ratio.
966 1394 1054 1433 sive
1084 1394 1282 1433 dulcedo.
1343 1397 1429 1454 Qui
1458 1413 1578 1439 usum

78 1451 152 1489 'rei
182 1450 359 1495 habent,
401 1450 526 1489 facile
566 1451 669 1488 trixu
700 1451 812 1488 inter
843 1450 998 1503 digitos
1032 1450 1145 1488 illius
1177 1453 1475 1501 praestantiam
1509 1469 1579 1494 ex-

83 1505 321 1558 periuntur.
381 1506 580 1552 Candor,
622 1506 816 1552 siccitas,
862 1505 1218 1559 granulorumque
1250 1511 1378 1560 (quae
1408 1512 1582 1562 crystal-

84 1561 149 1600 los
182 1562 335 1599 sistunt
367 1563 459 1614 plus
502 1563 640 1600 minus
688 1575 822 1614 prope
856 1561 1065 1610 evolutas)
1111 1571 1196 1600 tam
1238 1563 1420 1602 durities
1461 1581 1583 1620 quam

85 1617 292 1669 asperitas
327 1618 575 1669 praecipuae
609 1627 703 1656 sunt
736 1616 983 1670 qualitates,
1028 1631 1134 1671 quae
1176 1618 1421 1658 saccharum
1463 1637 1580 1676 egre-

89 1674 202 1726 gium
235 1675 430 1725 produnt.
491 1673 738 1726 Optimum,
771 1673 882 1726 quod
915 1675 956 1711 in
987 1673 1165 1712 Brasilia
1198 1685 1393 1726 paratur,
1434 1691 1579 1729 genus,

89 1730 132 1766 in
162 1730 363 1781 regione,
406 1744 528 1782 quain
562 1727 744 1780 Campos
773 1729 848 1767 dos
881 1727 1177 1782 Goyalacazes
1220 1731 1391 1780 dicunt,
1434 1735 1581 1788 coqui-

89 1794 181 1833 tur3
211 1784 308 1824 huie
341 1787 579 1836 proximum
609 1795 699 1830 est,
733 1785 847 1838 quod
877 1798 927 1823 ex
959 1785 1118 1836 oppido
1151 1787 1376 1825 Santorurn
1409 1789 1450 1826 in
1482 1805 1581 1842 pio-

88 1840 228 1879 vincia
261 1842 302 1879 S.
336 1834 456 1879 Pauli
487 1840 626 1890 (I'illa
656 1841 707 1879 cle
737 1842 913 1890 cantos)
941 1850 1218 1893 exportatur3
1260 1852 1346 1880 tum
1387 1847 1583 1886 sacchara

87 1895 323 1942 haliiensia,
355 1906 396 1934 et
428 1906 526 1950 post
555 1898 656 1935 haee
687 1895 1020 1948 pernatnbucana
1053 1906 1092 1935 et
1124 1898 1385 1952 reliquarum
1418 1903 1467 1940 ad
1498 1905 1582 1942 Bo-

89 1966 205 1991 ream
249 1952 542 1991 accedentium
587 1953 899 2006 provinciarum
946 1952 1189 1992 succedunt.
1249 1955 1457 1995 inferiora
1491 1959 1582 2012 qui-

93 2007 188 2046 dem
229 2018 322 2047 sunt
367 2009 594 2048 brasiliana
639 2008 834 2047 sacchara
879 2008 989 2054 illis,
1045 2022 1152 2061 quae
1206 2010 1246 2047 in
1288 2010 1402 2049 Cuba
1444 2014 1582 2052 insula

88 2073 419 2116 praeparantur3
460 2066 713 2104 antecedunt
753 2077 855 2102 vero
887 2065 1105 2118 plerisque
1136 2078 1187 2102 ex
1217 2066 1333 2104 India
1365 2069 1581 2119 orieneali,

88 2121 204 2158 inter
230 2133 336 2173 quae
366 2121 588 2160 siamensia
613 2121 769 2173 primas
794 2121 938 2159 laudes
959 2120 1155 2160 obtinere
1188 2131 1399 2173 putantur.

197 2176 482 2227 Designandis
519 2175 791 2230 qualitatibus
832 2176 1096 2215 diversorum
1136 2177 1431 2218 saccharorum
1464 2180 1583 2220 inde-

89 2244 171 2284 que
207 2231 401 2283 cogendo
441 2233 638 2285 vectigali
680 2233 722 2270 in
753 2232 960 2271 Brasiliae
993 2235 1195 2283 portubus
1228 2232 1424 2273 officium
1454 2250 1582 2288 pecu—

88 2287 195 2325 liare
226 2287 394 2339 publica
429 2291 702 2327 constitutum
736 2296 800 2325 est
833 2288 1111 2335 auctoritate,
1156 2290 1268 2342 quod
1300 2292 1487 2343 quamvis
1520 2294 1580 2331 ci-

90 2346 194 2381 stam
219 2343 394 2394 inspicit
417 2343 618 2397 sen-roque
638 2343 833 2382 candenti
860 2343 1025 2397 signum
1051 2344 1586 2400 determinatum(Ferros)

90 2398 253 2445 inurit,
294 2413 372 2451 pro
404 2413 487 2452 quo
526 2399 687 2437 stabilis
724 2399 928 2450 pecuniae
962 2414 1148 2446 summa,
1193 2410 1233 2439 et
1271 2402 1400 2453 pretii
1436 2405 1583 2443 vendi-

91 2455 173 2493 tori
205 2464 245 2492 et
272 2455 496 2507 vectigalis
530 2454 795 2506 reipublicae
834 2455 1049 2508 penditur.
1109 2457 1299 2495 Pretium
1331 2471 1432 2497 vero
1464 2474 1584 2514 prae·

91 2517 159 2548 ter
189 2509 293 2547 illud
336 2508 487 2556 lixum,
540 2511 653 2564 quod
688 2511 821 2563 signis
862 2511 1014 2550 inustis
1038 2510 1258 2554 definitur.
1293 2527 1458 2553 omnem
1494 2530 1581 2557 sae-

92 2565 210 2604 chari
240 2566 578 2605 aestimationem
597 2568 811 2618 complens
833 2564 967 2605 prem
998 2566 1120 2605 sobre
1150 2581 1196 2606 os
1228 2566 1382 2607 Fer-ros
1411 2569 1584 2619 dictum,

90 2621 219 2660 variis
248 2623 494 2660 commercii
519 2621 882 2662 vicissitudinibus
911 2622 1140 2662 obnoxium
1178 2633 1252 2662 est.
1313 2627 1412 2665 Sunt
1445 2636 1584 2667 autem

92 2677 160 2714 illa
184 2677 301 2730 signa
335 2678 461 2716 variis
492 2680 533 2716 in
564 2678 770 2730 portubus
800 2679 936 2722 varia,
967 2679 1023 2718 ita
1059 2688 1102 2717 ut
1138 2689 1180 2718 et
1212 2680 1308 2719 heic
1345 2681 1429 2721 loci
1454 2684 1583 2723 addu-

92 2732 225 2772 cenda
261 2733 504 2780 videantur,
550 2747 601 2772 ne
638 2735 869 2773 benevolus
903 2735 1041 2773 lector
1076 2737 1394 2787 praecipuarum
1423 2752 1584 2788 rerum,

93 2801 199 2841 quae
240 2788 289 2829 ad
327 2789 513 2830 sacchari
555 2790 857 2830 commercium
903 2790 1146 2845 pertinent,
1200 2791 1302 2846 quid
1337 2793 1585 2836 desiderare

88 2853 249 2897 posset.
