1788 3183
598 347 1046 422 Lectoribus

69 515 114 547 ut
159 518 444 560 exponamus,
504 503 660 558 quibus
708 502 903 552 auxiliis,
967 501 1082 557 juxta
1124 500 1408 555 amplissimas
1447 496 1586 552 ipsius

66 562 250 603 editoris
292 559 574 601 collectiones
618 563 922 606 Monacenses‚
976 559 1102 606 freti,
1155 557 1365 612 quibusve
1406 555 1588 595 fautori-

67 620 146 659 bus
192 628 320 672 atque
369 616 518 656 amicis
572 616 726 669 adjuti,
796 616 847 655 ad
904 614 1012 654 hanc
1067 615 1308 668 graminum
1375 611 1589 652 Brasiliae

64 674 368 728 indigenorum
408 673 635 712 historiam
684 673 876 726 aggressi
910 686 1079 717 sumus,
1149 670 1291 722 primo
1322 668 1422 708 loco
1454 667 1582 707 nobis

66 745 226 770 summa
261 729 505 768 reverentia
539 739 580 768 et
610 728 767 781 pietate
807 728 937 767 animi
979 727 1210 767 laudandus
1249 734 1315 765 est
1353 726 1451 767 Vir
1490 726 1584 763 Ex·

65 785 546 833 callentissimus,
596 784 765 824 Liber
794 787 931 824 Baro
965 784 1125 824 Stein
1157 783 1216 822 ab
1248 780 1582 827 Altenstein‚

64 842 483 897 Augustis-,simi
537 849 586 880 et
630 840 1030 881 Potentissimi
1072 842 1443 880 Borussorum
1488 838 1585 876 Re-

66 899 150 955 gis
192 899 246 938 in
288 899 457 937 rebus
503 897 564 936 ad
613 911 817 937 omnem
863 896 1276 946 eruditionem,
1335 894 1440 933 Dei
1478 892 1586 932 cul—

67 967 174 996 tum
207 954 608 994 etMedicinam
637 953 1019 1007 spectantibus
1050 967 1282 992 summus
1304 950 1584 990 Minister.

66 1012 165 1070 Quo
197 1011 374 1050 iubente
406 1009 606 1049 Linkio
639 1020 680 1050 et
711 1009 1227 1055 Schlechtendalio,
1260 1006 1368 1046 viris
1396 1005 1586 1045 clarissi-

67 1069 172 1115 mis,
239 1082 318 1120 pro
350 1066 497 1105 suain
539 1080 609 1105 res
649 1076 817 1105 nostras
859 1066 1034 1119 egregia
1077 1066 1293 1105 voluntate
1342 1062 1586 1116 gramina

64 1123 380 1163 brasiliana
405 1121 674 1162 Herbarii
701 1123 868 1175 Regii
897 1120 1323 1168 Bcrolinensis‚
1358 1133 1466 1174 quae
1491 1118 1586 1170 plu-

66 1181 174 1219 rima
205 1180 248 1218 in
282 1193 333 1219 eo
367 1188 409 1218 et
439 1179 725 1232 pulcherrima
759 1189 1052 1227 asservantur,
1109 1177 1315 1232 pleraque
1349 1190 1370 1215 a
1404 1174 1584 1215 Sello-

64 1236 182 1278 vio.
217 1235 359 1290 aliqua
387 1236 514 1273 etiam
545 1250 564 1273 a
598 1237 624 1274 S
644 1235 836 1275 iebero
869 1235 1052 1289 aliisque
1078 1234 1213 1280 lecta,
1246 1233 1418 1273 tradere
1441 1231 1583 1279 licuit,

65 1302 112 1332 ut
143 1306 289 1331 eorum
322 1291 640 1342 descriptiones
673 1291 797 1343 operi
828 1300 977 1331 nostro
1012 1292 1272 1331 inserantur.

182 1348 240 1387 Ad
269 1349 375 1387 haec
407 1348 589 1386 accessit
621 1347 997 1387 Serenissimi
1022 1345 1314 1399 Principis
1339 1342 1582 1384 Maximi-

64 1403 207 1443 liani
252 1404 601 1451 WiedensiS,
653 1403 835 1443 fautoris
874 1404 1112 1457 praeclari,
1167 1401 1416 1441 herbarium
1445 1400 1584 1439 brasi-

62 1461 228 1508 liense,
277 1474 361 1514 quo
395 1460 534 1499 libere
565 1459 627 1499 uti
660 1469 702 1498 et
733 1461 949 1514 gramina,
1004 1460 1104 1498 inde
1137 1460 1365 1510 decerpta,
1425 1458 1582 1496 Florae

62 1525 237 1556 nostrae
269 1516 425 1555 addere
457 1529 711 1555 concessum
742 1526 821 1558 est.
902 1519 1024 1556 Hanc
1055 1524 1195 1555 autem
1227 1514 1372 1566 operis
1414 1522 1583 1566 partem

63 1572 233 1623 pridem
273 1573 462 1611 confecit
494 1573 595 1611 Sch
611 1572 872 1620 raderus,
915 1572 1150 1611 Professor
1180 1569 1481 1624 Gottingensis
1512 1581 1584 1607 ce-

62 1628 347 1675 leberrimus,
406 1627 619 1682 nobisque
663 1628 906 1668 adversaria
937 1644 1010 1667 sua
1041 1643 1165 1666 manu
1195 1627 1354 1679 scripta
1389 1625 1580 1673 tradidit,

0 1718 6 1720 .
64 1698 195 1738 quae,
246 1684 420 1723 nomine
463 1684 553 1735 ejus
595 1684 758 1738 signata
800 1684 1018 1739 citatoque
1050 1684 1356 1723 Mantissae
1389 1681 1580 1722 Schul-

62 1740 195 1779 tesii
226 1739 347 1787 loco,
382 1740 455 1778 ubi
485 1740 570 1793 jam
601 1741 652 1780 ab
681 1750 858 1781 auctore
890 1741 1085 1795 evulgata
1111 1748 1229 1790 sunt,
1265 1739 1380 1779 inter
1407 1737 1580 1792 reliqua

59 1796 132 1835 hic
163 1795 376 1848 leguntur.
913 1798 916 1803 ⁴

171 1853 294 1890 Nunc
325 1860 465 1890 autem
497 1851 549 1890 ad
572 1851 823 1890 Trinium
855 1862 1075 1901 nostrum,
1118 1852 1256 1891 virum
1280 1850 1396 1890 inter
1422 1850 1583 1904 Agros-

60 1907 254 1960 tologiae
285 1907 502 1947 studiosos
533 1907 662 1961 longe
694 1908 1050 1957 celeberrimum,
1083 1908 1355 1962 gratissimo,
1389 1921 1474 1962 quo
1507 1906 1581 1946 de-

59 1964 235 2011 bemus,
269 1964 410 2003 animo
435 1977 514 2003 nos
542 1965 860 2013 convertimus,
895 1965 1082 2019 ingenue
1110 1964 1388 2018 profitentes,
1421 1963 1578 2002 illum

60 2034 138 2059 nos
170 2020 212 2058 in
246 2020 359 2059 libro
390 2028 540 2066 nostro
573 2021 889 2060 conscribendo
933 2036 1016 2060 non
1049 2036 1125 2060 usu
1157 2030 1320 2061 tantum
1348 2033 1495 2059 rerum
1526 2020 1580 2059 ad

60 2075 104 2115 id
136 2077 443 2129 spectantium,
485 2077 561 2115 sed
593 2077 725 2116 multo
757 2078 891 2131 inagis
924 2078 1050 2117 etiam
1082 2078 1279 2117 doctrina
1310 2091 1383 2115 sua
1414 2084 1458 2116 et
1488 2085 1578 2115 arte

60 2131 290 2184 adjuvisse.
375 2132 460 2171 Hic
491 2133 631 2176 enim,
675 2147 770 2172 cum
801 2134 895 2185 ipse
926 2134 970 2172 in
1000 2135 1283 2172 Panicearum
1312 2132 1497 2172 historia
1528 2132 1579 2171 il-

59 2188 275 2228 lustranda
315 2198 547 2241 occupatus
585 2199 725 2238 esset,
790 2190 920 2229 missa
960 2191 1076 2229 omni
1120 2205 1193 2229 sua
1230 2190 1380 2229 harum
1411 2189 1579 2229 Grami-

57 2258 234 2283 nearum
295 2245 592 2298 supellectile,
662 2254 896 2300 posteaque
943 2246 1099 2286 additis
1143 2247 1332 2291 cunctis,
1405 2259 1514 2300 quae
1557 2261 1578 2284 a

0 2307 6 2309 ”
57 2300 499 2355 Langsdorffio‚
553 2301 648 2342 viro
694 2304 901 2356 egregio,
973 2302 1026 2342 ad
1069 2317 1115 2343 se
1159 2311 1202 2342 et
1242 2302 1578 2342 Fischerum

56 2357 251 2396 nostrum
281 2371 523 2411 pervenere
554 2357 747 2408 eiusdem
773 2359 960 2398 familiae
990 2358 1201 2412 exemplis
1219 2388 1229 2407 ,
1283 2367 1326 2396 et
1351 2358 1406 2397 iis
1433 2358 1579 2397 multis

57 2412 282 2461 iconibus,
313 2413 537 2468 plerisque
567 2425 705 2453 autem
736 2414 1038 2468 diagnosibus,
1069 2414 1352 2462 adversariis,
1392 2415 1578 2453 nomini-

57 2467 138 2507 bus
165 2469 412 2520 instructis3
446 2471 694 2525 certiorque
723 2485 774 2510 ex
801 2472 931 2512 altera
958 2480 1080 2525 parte
1111 2471 1207 2525 ipse
1237 2471 1399 2510 nostris
1430 2470 1579 2511 adver-

59 2524 185 2565 sariis
225 2526 550 2581 graminumque
593 2528 722 2566 siccis
754 2528 963 2581 exemplis
995 2528 1158 2576 factus,
1213 2527 1259 2566 id
1301 2525 1473 2575 effecit,
1531 2535 1579 2565 ut

21 2611 23 2613 -
57 2581 252 2633 species,
309 2596 485 2636 quarum
517 2596 569 2622 ex
597 2583 676 2622 hac
717 2583 879 2623 familia
921 2584 1156 2637 permultas
1195 2597 1332 2623 novas
1374 2596 1580 2622 recense-

57 2651 177 2684 mus,
224 2637 378 2685 (unam
410 2639 475 2678 vel
506 2639 683 2679 alteram
714 2640 750 2678 si
781 2640 897 2680 sorte
931 2641 1176 2692 excipias,)
1208 2640 1366 2679 iisdem
1392 2640 1436 2678 in
1459 2648 1579 2679 utro-

57 2706 142 2747 que
173 2707 306 2746 opere
329 2694 576 2735 nominibus
605 2696 931 2751 certissimaque
955 2696 1035 2736 hae
1061 2710 1210 2736 omnes
1231 2695 1314 2735 fide
1341 2695 1577 2749 prodeant3

57 2750 173 2803 quod
214 2750 298 2788 nisi
340 2750 499 2790 factum
531 2761 669 2800 esset,
731 2762 850 2793 certo
881 2766 1056 2793 errores
1087 2766 1237 2807 graves
1266 2753 1578 2806 nominumque

56 2805 283 2858 multiplex
308 2806 533 2847 diversitas
563 2808 607 2847 in
639 2817 870 2863 utrumque
900 2824 1008 2863 opus
1039 2809 1335 2861 irrepsissent.
1379 2808 1426 2847 Id
1448 2823 1579 2861 unum

58 2861 280 2909 dolemus,
361 2864 713 2918 Monographiam
771 2865 880 2906 hanc
939 2866 1372 2919 praestantissimam,
1452 2878 1578 2918 quam

57 2917 211 2970 proclo
252 2918 336 2971 jam
373 2920 575 2960 emissam
619 2935 714 2961 esse
748 2922 1066 2976 comperimuS,
1117 2922 1201 2962 hoc
1232 2923 1330 2976 ipso
1362 2930 1575 2973 tempore,

989 2991 1004 3024 1
1048 2980 1075 3005 ἡκ
