1788 3183
476 174 761 216 GnAnmmAE.
817 173 1036 214 Pamctm.
1442 173 1527 217 189

105 294 188 317 ’'⁴‘'
215 293 420 329 Paniculae
449 293 582 328 brevis
615 293 730 328 ramis
754 292 900 328 teneris
925 303 946 327 a
965 290 1050 326 basi
1068 289 1130 325 vel
1159 288 1271 324 altius
1296 288 1335 324 in
1358 292 1528 329 ramulos

17 340 216 380 filiformes
250 340 382 374 solutis
399 364 409 380 ,
441 338 684 385 paucissoris,
709 337 931 385 patentibus
962 336 1025 371 vel
1054 334 1302 374 divaricatis,
1327 335 1525 380 peduncu-

14 386 63 420 lis
79 385 277 432 plerisque
306 384 479 424 hissoris,
513 383 669 429 spiculis
699 385 928 430 plerumque
952 380 1081 428 parvis
1114 379 1357 433 subglobosis
1381 383 1524 418 ovatis.

14 430 62 464 ire
83 429 229 464 obtusis
250 429 395 476 glabris
421 429 483 463 vel
510 428 680 462 molliter
702 427 1029 475 pubescentibus,
1057 425 1180 468 gluma
1200 424 1391 460 inferiore
1409 426 1524 462 brevi

13 475 214 510 latiuscula
236 475 421 521 spiculam
442 474 689 516 involvente,
716 472 874 507 flosculo
890 471 1079 506 inferiore
1109 469 1175 505 hi.
1196 469 1323 506 rarius
1351 471 1523 508 univalvi

13 527 261 600 ¹¹effigit-lmus
284 562 445 602 debilis,
471 562 596 602 laxus,
630 562 669 595 in
696 561 782 595 aliis
807 560 987 606 simplex.
1033 559 1072 593 in
1098 557 1227 593 multis
1252 558 1367 593 etiarn
1393 557 1526 596 dicho·

17 609 305 645 tomo-divisus
332 614 368 642 et
389 607 692 648 ramosissimus,
729 606 931 650 humilior3
969 604 1062 639 folia
1096 604 1135 638 in
1162 604 1292 649 paucis
1323 604 1527 642 latiuscula

18 660 58 689 et
78 654 214 688 brevia
231 679 242 696 ,
264 654 302 686 in
325 652 521 698 plerisque
544 652 687 685 formae
711 650 920 685 communis
936 677 944 690 ,
972 649 1010 684 in
1028 649 1221 684 nonnullis
1247 655 1428 696 angusta,
1454 650 1525 685 fili·

15 699 178 740 scrinia,
202 705 351 732 setacea
376 704 413 732 et
432 695 623 743 rigidula,
649 695 907 731 creberrima:

104 756 324 792 Tenella.
359 760 435 804 (sp.
456 756 637 798 86—96.)

125 819 168 868 a)
197 818 470 871 Isocalycina,
493 831 566 857 seu
593 817 746 871 glumis
764 815 1026 870 aequalibus.
1067 814 1248 868 Species
1273 827 1310 854 2.
1327 815 1527 870 cognitae

17 874 353 921 arundiuaceae,
401 874 517 913 soliis
547 873 702 927 rigidis
733 871 1183 913 lineari-lanceolatis
1214 870 1526 926 glaucescenti·

13 932 117 978 bus.
149 930 325 984 spiculis
357 931 498 983 parvis
530 929 741 981 oblongiS.

124 1001 188 1042 Ad
227 1015 361 1055 genus
396 999 815 1039 Naviculariam
855 997 993 1038 Raddi
1023 999 1195 1051 Agrost.
1227 1000 1347 1038 Bras.
1383 1012 1427 1052 p.
1455 997 1526 1040 38.

13 1056 70 1098 cf.
110 1058 152 1096 in
190 1058 382 1097 anteced.
422 1071 462 1109 p.
507 1057 595 1096 128.
634 1055 722 1095 131.
760 1054 849 1096 132.
884 1056 1032 1108 (Spcc.
1064 1054 1287 1107 08—69.)
1317 1076 1370 1083 —-
1397 1057 1434 1095 E
1460 1069 1528 1096 se-

12 1114 243 1170 quentibus
272 1113 320 1153 ad
351 1113 460 1152 hanc
482 1113 745 1160 sectionem,
776 1110 917 1166 quoad
947 1110 1108 1165 glumas
1142 1110 1362 1166 aequaleS‚
1391 1112 1528 1163 perti-

12 1179 85 1209 net
116 1170 369 1209 Panicum
402 1169 753 1222 glutinosum
785 1169 905 1215 Suu,
939 1166 1190 1222 acceditque
1208 1166 1336 1207 etiam
1366 1168 1526 1207 Pani-

13 1239 125 1266 cum
156 1225 541 1265 divaricatum.

330 1338 387 1371 68.
425 1342 695 1372 PANIGUM
730 1340 1132 1371 CALVESCENS.
1175 1329 1201 1373 †

127 1412 174 1450 P.
210 1412 406 1465 panicula
440 1410 733 1463 decomposita
778 1409 972 1461 capillari
1009 1409 1137 1449 ramis
1178 1408 1270 1449 basi
1318 1407 1525 1456 barbatis,

15 1467 271 1522 pedunculis
301 1466 492 1516 bissoris,
535 1467 711 1520 spiculis
744 1467 880 1505 ovatis
915 1465 1079 1505 obtusis
1111 1465 1401 1519 compressis,
1434 1465 1530 1519 glu-

19 1525 100 1562 mis
129 1524 403 1578 aequalibus,
437 1524 661 1577 superiore
694 1522 1009 1577 quinquenervi
1028 1551 1038 1569 ‚
1069 1519 1252 1561 flosculo
1279 1531 1432 1561 neutro
1463 1522 1529 1561 bi-

15 1580 150 1628 valvi,
183 1580 324 1619 culmo
353 1594 522 1619 ramoso
548 1580 762 1633 nodisque
786 1577 971 1631 glabris,
1018 1576 1134 1616 foliis
1167 1577 1529 1617 lineari-lanceo-

17 1636 136 1682 latis,
188 1636 428 1684 junioribus
480 1635 632 1675 saltem
672 1635 923 1689 vaginisque
966 1633 1290 1674 innovationum
1334 1634 1530 1688 margine

14 1692 179 1732 villosis
199 1706 209 1741 ς

127 1768 164 1801 ,3.
196 1762 359 1815 vaginis
394 1762 599 1816 foliisque
633 1759 1315 1814 holosericeo-pubescentibus‚
1349 1758 1526 1813 spiculis

12 1817 137 1871 paulo
163 1817 408 1870 majoribus.

125 1889 297 1928 Culmus
329 1889 518 1941 pedalis,
559 1887 796 1941 bipedalis,
839 1887 1038 1941 gracilis,
1071 1886 1243 1927 inferne
1279 1894 1422 1934 teres,
1457 1899 1526 1925 su-

13 1957 149 1997 perne
189 1944 437 1999 angulatu5‚
477 1945 678 1992 striatas,
722 1943 900 1998 glaber,
943 1943 1070 1983 nodis
1119 1955 1294 1982 10—12
1334 1942 1527 1997 angustis

13 2000 147 2040 fuscis
173 2001 489 2048 interstinctus,
533 2015 713 2056 quorum
741 2000 975 2040 inferiores
1003 1999 1175 2054 gibbosi
1202 1999 1370 2038 radices
1396 2013 1528 2053 quan-

14 2055 157 2111 doque
196 2057 419 2103 emittunt,
461 2057 711 2110 superiores
748 2056 850 2096 hinc
893 2056 994 2095 inde
1031 2057 1075 2095 in
1107 2069 1247 2095 ramos
1275 2055 1525 2094 exuberant.

12 2113 234 2152 Turiones
257 2114 513 2152 densissime
536 2113 708 2161 i'oliosi,
751 2122 879 2167 atque
922 2112 1028 2151 tecti
1063 2112 1225 2166 vaginis
1264 2111 1523 2150 internodiis

11 2167 283 2222 longioribus
311 2171 571 2222 compressis
611 2168 771 2208 strialis
811 2169 1014 2208 carinatis
1040 2182 1118 2221 per
1145 2181 1191 2207 se
1225 2167 1401 2221 quidem
1436 2167 1524 2220 gla-

11 2223 126 2271 bris,
160 2225 236 2264 sed
265 2227 454 2279 margine
479 2240 530 2265 eo
554 2226 688 2279 magis
714 2226 807 2263 lana
830 2226 1060 2279 praelonga
1081 2222 1328 2263 flavescemi
1349 2223 1523 2270 ciliatis,

10 2294 95 2334 quo
129 2282 330 2334 proprius
371 2282 420 2320 ab
452 2282 574 2335 apice
604 2291 863 2327 nascuntur,
907 2280 1063 2320 infimis
1095 2288 1234 2319 autem
1278 2279 1392 2318 ciliis
1427 2279 1523 2318 istis

5 2335 100 2376 fere
143 2336 340 2376 omnibus
378 2338 615 2385 destitutis,
657 2337 915 2390 juvenilibus
947 2337 1122 2376 omnino
1159 2335 1338 2376 villosis.
1397 2335 1522 2374 Folia

6 2391 50 2430 in
81 2393 324 2432 turionibus
357 2393 507 2433 latiora
547 2402 590 2432 et
630 2392 918 2441 subdisticha,
964 2393 1007 2431 in
1038 2392 1178 2432 culmo
1215 2391 1352 2430 fertili
1391 2404 1522 2444 angu-

6 2447 142 2487 stiora
169 2457 212 2488 et
245 2449 417 2497 dissita,
464 2449 626 2502 vaginis
656 2463 829 2503 quoque
859 2449 998 2487 minus
1029 2448 1187 2487 ciliatis
1218 2456 1347 2502 alque
1384 2447 1520 2485 inter-

5 2504 149 2543 nodiis
179 2504 454 2545 brevioribus
491 2505 712 2559 praedita,
744 2504 1198 2551 lineari-lanceolata,
1230 2503 1358 2543 5-6
1387 2503 1520 2541 lineas

2 2557 115 2607 lata,
148 2558 274 2612 6-——7
305 2561 487 2613 pollices
520 2562 672 2614 longa,
722 2560 766 2599 in
802 2560 1023 2600 sterilibus
1064 2559 1193 2600 ramis
1237 2557 1519 2607 subdisticha,

7 2616 180 2664 stricta,
225 2616 316 2656 basi
346 2618 557 2671 apiceque
580 2617 707 2670 longe
731 2625 966 2665 attenuata,
999 2616 1211 2662 adultiora
1236 2615 1381 2668 glabra
1412 2629 1521 2653 mar-

7 2672 108 2725 gine
139 2671 311 2721 scabra,
353 2672 519 2725 juniora
566 2674 608 2710 in
640 2673 796 2713 ambitu
835 2673 976 2727 longis
1006 2672 1106 2726 pilis
1138 2671 1280 2710 ciliata
1312 2678 1355 2709 et
1383 2671 1520 2710 utrin-

3 2740 88 2781 que
112 2727 389 2767 subtilissime
415 2728 708 2781 pubescentia.
769 2729 922 2784 Ligula
938 2729 1084 2769 brevis
1102 2735 1319 2774 truncata,
1350 2727 1519 2766 ciliato·

2 2782 273 2823 denticulata.

109 2840 311 2879 Panionia
341 2851 533 2886 exserta,
566 2848 738 2888 erecta,
768 2839 916 2880 rhachi
947 2838 1122 2878 inferne
1148 2837 1389 2878 semitereti
1416 2836 1519 2878 hinc

0 2892 186 2946 sulcata,
220 2896 263 2935 in
289 2896 430 2938 medio
458 2896 867 2952 subquadrangulai·i
885 2895 1116 2942 bisulcata,
1159 2894 1283 2949 apice
1320 2894 1516 2949 angulata
