1788 3183
722 158 1010 199 GnAmmiz-An.
1599 165 1628 205 7

233 280 434 327 Plantae
487 279 804 343 culmigerae,
872 279 1007 327 soliis
1055 279 1320 327 convoluto
1343 280 1618 344 -vaginan-

102 366 248 415 tibus.

1310 362 1327 375 »S

233 539 570 586 Character
616 539 938 586 naturalis.
1027 540 1245 585 Flores
1293 540 1614 607 hermaphro-

97 627 214 682 diti,
271 626 429 672 rarius
462 626 668 672 diclines
704 625 922 671 monoiei
952 625 1026 674 vel
1057 626 1208 672 dioiei
1243 626 1318 672 vel
1346 627 1612 691 polygami,

99 715 149 759 in
185 714 497 759 locustam
532 730 616 758 seu
653 711 956 776 spiculam
989 710 1235 775 dispositi.
1298 714 1501 778 Spicula
1537 734 1615 761 ex-

97 811 285 846 structa
330 815 358 845 e
402 799 590 864 spathis
636 816 720 845 seu
765 797 979 843 bracteis
1025 798 1275 856 distichis,
1333 802 1615 865 vaginarum

96 886 331 933 foliorum
374 887 516 932 valde
563 896 928 932 contractarum
971 896 1019 930 et
1052 897 1192 948 parte
1226 886 1440 934 foliacea
1472 890 1614 952 peni-

95 985 172 1020 tus
198 984 472 1027 exutarum,
509 974 611 1028 vel,
649 972 854 1017 maximo
891 988 947 1016 ea
983 972 1259 1027 immutata,
1298 990 1324 1017 c
1351 992 1614 1023 nervorum

94 1061 444 1124 conjunctione
491 1060 567 1106 vel
610 1058 758 1104 medii
803 1058 939 1105 nervi
985 1057 1309 1106 dissolutione
1344 1061 1613 1124 apiculata-

92 1164 224 1202 rum,
263 1146 602 1209 setigerarum,
640 1145 954 1191 aristatarum
984 1144 1116 1191 vices
1146 1145 1427 1207 gerentibus
1439 1165 1454 1208 3
1500 1148 1611 1196 aliis

93 1233 511 1296 inferioribusque
546 1232 703 1278 rarius
741 1231 1004 1287 solitariis,
1052 1231 1340 1296 plerumque
1386 1234 1608 1296 geminis,

92 1319 344 1366 rarissime
400 1319 623 1384 pluribus
675 1319 924 1365 sterilibus
991 1315 1313 1381 (glumis),
1390 1320 1608 1385 reliquas

92 1406 199 1453 basi
235 1407 530 1471 stipantibus
569 1422 859 1470 semperque
895 1405 1330 1469 imparinervibus3
1368 1418 1472 1453 tum
1498 1409 1608 1455 aliis

92 1491 394 1555 (valvulis
439 1489 760 1555 flosculi),
824 1493 985 1556 iisque
1021 1492 1095 1538 vel
1132 1492 1390 1550 solitariis,
1448 1495 1523 1543 vel
1557 1495 1610 1543 in

91 1580 342 1645 plerisque
377 1581 525 1627 etiam
557 1580 788 1643 geminis,
828 1579 994 1643 specie
1031 1578 1392 1643 suboppositis,
1442 1598 1496 1627 re
1525 1599 1609 1629 au-

92 1679 193 1714 tem
226 1685 340 1715 vera
375 1668 550 1723 altera,
590 1683 714 1730 quae
752 1666 902 1712 dorso
933 1665 1043 1711 axin
1072 1666 1279 1711 rhachin
1306 1680 1512 1731 spectat,
1550 1686 1608 1716 ex

92 1755 340 1801 inferioris
378 1754 523 1799 axilla
570 1753 759 1798 oriente
807 1764 856 1798 et
901 1752 1008 1797 sola
1054 1764 1220 1815 partes
1256 1754 1492 1815 genitales
1529 1755 1605 1802 fo-

89 1853 259 1901 ventc5
298 1858 421 1905 quae
459 1858 569 1886 011111
602 1839 778 1885 31101111
813 1838 1068 1894 deficiant,
1104 1856 1220 1903 pars
1257 1840 1351 1886 ista
1385 1841 1603 1906 spiculae

87 1941 262 1975 neutra
297 1928 585 1992 appellatur.
677 1926 884 1972 Constat
919 1925 1067 1988 igitur
1099 1926 1352 1991 spicula
1386 1930 1602 1991 grami-

86 2017 181 2063 nis
216 2033 241 2061 c
277 2016 439 2077 gluma
472 2014 546 2062 vel
582 2013 803 2075 gluinis
840 2009 1129 2075 (calyeinis)
1172 2014 1599 2079 amplectentibus,

87 2113 136 2149 ct
170 2102 494 2157 flosculis,
515 2131 581 2137 ——-
626 2099 837 2154 neutris,
873 2093 1138 2154 masculis,
1166 2101 1453 2159 foemineis,
1491 2105 1600 2150 her-

86 2189 409 2253 maphroditis
426 2207 440 2248 3
477 2205 565 2253 per
599 2186 815 2249 singulas
851 2186 1065 2250 spiculas
1093 2187 1320 2236 diseretis
1348 2190 1423 2238 vel
1451 2191 1600 2237 etiam

87 2276 218 2323 varia
242 2275 432 2321 ratione
461 2275 649 2330 mixtis,
689 2273 1012 2321 solitariis
1047 2274 1444 2339 pluribusve,
1481 2291 1598 2326 tune

86 2362 162 2408 axi
198 2363 475 2408 alternatim
508 2361 751 2425 impositis
788 2360 1002 2425 (spicula
1035 2362 1594 2426 unissora-multissora),

43 2490 45 2493 .
83 2449 481 2497 univalvibus
517 2449 605 2495 sed
636 2446 940 2513 frequentius
975 2447 1351 2506 hivalvibus,
1408 2452 1597 2501 valvula

84 2535 309 2582 inferiori
354 2536 526 2598 glumis
572 2536 806 2598 analoga,
865 2552 1057 2599 semper
1099 2536 1436 2600 imparinervi,
1495 2556 1596 2585 3111-

84 2623 332 2688 plectente
375 2623 677 2687 superiorem
720 2622 1038 2688 (spathellam
1082 2622 1258 2687 Turp.)
1306 2624 1594 2690 plerumque

84 2710 413 2774 parinervem,
451 2709 607 2756 rarius
643 2710 706 2757 ad
740 2710 955 2775 speciem
989 2709 1388 2774 imparinervem,
1447 2730 1591 2776 quam

87 2796 347 2843 clarissimi
383 2796 470 2843 viri
504 2799 719 2843 Brown
757 2808 806 2843 et
839 2797 1076 2861 Tui-pin
1111 2814 1173 2844 ex
1201 2796 1331 2845 1111115
1365 2799 1592 2846 bracteo-

87 2884 147 2932 lis
184 2902 211 2930 a
239 2883 391 2930 latere
420 2883 662 2948 oppositis
692 2884 1087 2948 marginibusque
1116 2884 1432 2932 interioribus
1458 2887 1595 2950 junc-
