1788 3183
105 297 186 337 His
228 308 441 349 nunquam
483 291 672 333 obtinuit
701 291 856 337 terris,
900 289 1103 344 solosque
1134 289 1303 344 ligones

108 371 323 408 Arvorum
355 365 469 404 cultu
501 363 756 416 plerumque
785 360 991 402 adhibere
1024 361 1225 401 solemus.

108 436 347 489 Praecipua
377 434 482 474 haec
515 434 638 473 nobis
670 441 767 472 sunt
795 446 934 472 arma:
975 432 1080 472 haec
1110 431 1216 472 Afer
1244 431 1459 480 alumnus,

108 508 298 561 Impiger
329 519 581 559 assurgens,
611 503 892 558 manibusque
926 513 969 543 et
1000 517 1185 557 corpore
1216 512 1309 544 toto

110 578 327 619 Connixus
357 585 536 624 tractat,
569 587 664 614 cum
696 583 811 614 terra
840 574 1040 613 inaranda
1060 603 1070 623 ‚
1102 588 1339 629 gravesque

113 649 275 690 Glebac
307 646 640 700 offringendae‚
673 644 939 685 runcandave
969 645 1121 685 messis
1153 645 1196 684 in
1226 645 1375 685 herba.

222 720 304 758 His
335 717 464 771 igitur
495 717 653 755 sulcata
683 716 837 764 armis,
871 731 949 770 qua
980 716 1138 768 juverit
1169 731 1316 771 agrum

114 792 380 834 Conserere,
427 786 627 840 oblongis
658 786 884 826 scrobibus
915 786 997 826 tibi
1026 795 1140 826 terra
1168 787 1372 827 dehiscat.

118 861 313 923 Quisque
344 858 476 911 pedes
506 857 701 910 geminos
732 857 911 897 ducatur
940 857 1080 897 sulcus
1111 858 1164 897 ad
1193 858 1352 905 imum,

118 933 208 973 Ore
239 929 478 982 bipalmari.
535 930 721 967 Juvenes
751 927 814 967 ibi
845 927 1000 968 defode
1030 940 1210 977 cannas,

114 1005 249 1043 Unam
280 1001 350 1040 alii
380 1007 502 1038 recto
533 998 595 1038 sic
625 998 804 1052 jungens
834 999 1001 1048 limite,
1034 1007 1079 1037 ut
1108 998 1239 1038 hastis

119 1073 355 1126 Contiguae
387 1070 589 1110 extremis
618 1069 798 1122 jaceant.
857 1072 958 1109 Mox
987 1068 1094 1109 talea
1124 1079 1350 1126 postquam

122 1143 272 1185 Omnis
303 1142 385 1181 erit
414 1140 541 1180 sulcis
573 1140 763 1189 infossa,
794 1140 965 1193 replere
996 1140 1165 1180 lacunas

121 1217 336 1267 Tempus,
369 1220 412 1250 et
443 1221 629 1264 egestam
660 1210 704 1249 in
734 1224 891 1251 vacuos
920 1211 1147 1252 revocabis
1178 1211 1319 1252 hiatus

120 1288 284 1325 Rursus
313 1282 513 1331 humum3
545 1281 670 1321 modo
703 1287 758 1321 ne
786 1282 917 1336 largis
949 1282 1181 1322 madefacta
1211 1293 1430 1337 gravescat

121 1355 332 1396 Imbribus
351 1382 361 1400 ‚
392 1361 518 1407 atque
549 1353 657 1392 adeo
688 1352 745 1391 sit
773 1353 967 1405 pondere
998 1354 1124 1394 noxia
1153 1354 1339 1407 plantiS,

123 1429 318 1480 Aptaque
349 1436 450 1477 prae
482 1423 616 1462 nimio
647 1436 926 1477 corrumpere
957 1433 1107 1464 cuncta
1138 1426 1324 1466 madore.

124 1496 321 1549 Largiter
340 1524 350 1543 ,
383 1494 545 1533 aestivo
579 1494 615 1533 si
645 1508 806 1548 panges
836 1503 1033 1548 tempore
1064 1508 1245 1545 cannas,

127 1571 308 1608 Terram
337 1564 490 1604 adhibe
528 1563 678 1605 sulcis:
709 1579 888 1619 namque
918 1565 999 1605 hoc
1029 1566 1145 1605 velut
1175 1580 1331 1621 aggere
1363 1568 1466 1608 solis

131 1635 238 1674 Tela
267 1636 575 1685 retunduntur,
608 1650 661 1675 ne
692 1649 737 1676 se
767 1636 1046 1689 penetrabilis
1077 1636 1204 1676 ardor

127 1706 320 1746 Insinuet
350 1707 598 1756 scrobibus,
638 1707 773 1747 nimio
805 1717 846 1747 et
872 1716 957 1746 sata
987 1717 1151 1747 torreat
1182 1716 1315 1748 aestu.

128 1778 225 1816 Non
257 1787 395 1817 tamen
425 1778 475 1818 ad
506 1779 679 1831 plenum
710 1779 849 1817 sulcos
879 1777 1105 1832 aequabis,
1147 1787 1188 1817 et
1219 1792 1385 1818 omnem

128 1848 350 1888 Restitues
390 1849 626 1889 malesanus
668 1849 866 1888 humum:
913 1849 1040 1888 nimis
1083 1848 1233 1889 obruta
1276 1850 1421 1900 tarde,

129 1920 271 1973 Atque
302 1920 598 1960 incumbentes
631 1920 929 1973 vixtrumpent
957 1919 1150 1974 germina
1179 1920 1342 1973 glebas.

130 1992 249 2043 Ergo
279 1991 448 2031 telluris
477 2004 656 2043 parcus,
689 2004 743 2029 ne
773 1991 886 2031 forte.
915 1999 1134 2043 prematur

131 2061 356 2111 Pondere,
394 2061 462 2101 fac
492 2061 647 2102 leviter
674 2062 872 2102 tumulata
901 2062 1122 2101 recumbat
1151 2063 1328 2104 arundo.

244 2136 354 2172 Tum
373 2142 609 2188 ‘postquam
637 2133 783 2174 vacuis
813 2132 966 2172 reddes
997 2147 1070 2173 sua
1098 2133 1266 2174 viscera
1297 2135 1451 2185 sulcis,

132 2202 362 2257 Paulisper
391 2204 592 2244 sumenda
623 2204 761 2259 quies,
820 2209 958 2247 Breve
988 2213 1180 2257 tempus,
1212 2213 1255 2245 et
1286 2205 1376 2258 ipsa

134 2273 411 2315 Herbescens
440 2274 520 2328 jam
553 2289 684 2315 canna
714 2275 831 2315 sinus
851 2303 863 2323 ,
893 2274 1116 2330 nodosque
1145 2276 1344 2327 resolvit,

137 2345 408 2400 Radicesque
447 2345 559 2399 agit,
604 2354 646 2385 et
674 2355 870 2386 tenerum
898 2346 942 2384 in
973 2346 1155 2386 sublime
1187 2360 1388 2388 cacumen

135 2416 347 2470 Surrigit:
379 2417 535 2456 erectis
566 2429 668 2469 ager
697 2416 887 2470 undique
918 2415 1133 2455 inhorruit
1161 2416 1308 2458 hastis.

136 2487 371 2528 Cadmaeos
403 2487 552 2527 credas
584 2488 740 2527 iterum
771 2486 951 2526 viruisse
979 2487 1182 2536 novales,

139 2559 245 2598 Cum
275 2558 404 2611 pilata
435 2572 556 2611 seges
588 2557 733 2598 densis
761 2557 986 2597 hastilibus
1017 2557 1156 2611 ipsum

140 2630 318 2668 Terruit
348 2630 602 2682 agricolam,
634 2629 859 2668 mirantem
890 2628 1052 2669 credita
1083 2629 1212 2669 sulcis

141 2700 314 2740 Semina
342 2699 579 2749 bellorum,
613 2709 656 2740 et
683 2699 920 2740 foecundos
950 2698 1087 2739 milite
1113 2712 1298 2754 campos,

140 2771 245 2810 Tale
276 2770 434 2810 dabunt
463 2771 708 2825 specimen,
741 2771 893 2810 densas
924 2770 1087 2810 imitata
1115 2770 1366 2826 phalanges,

141 2844 249 2884 Post
278 2855 429 2881 annum
459 2841 634 2883 subnata
663 2841 756 2884 solo
787 2849 964 2883 canneta
993 2839 1151 2890 feraci,

1059 2913 1169 2964 37·

1531 178 1613 221 579
