1788 3183
224 185 307 227 540
473 181 755 221 Gmmimmu.
816 178 1101 219 Onsssnva'rio
1134 189 1457 218 cnoonm‘mca.

227 313 451 355 repens,
495 303 724 339 Bromus
767 297 983 345 mollis,
1026 298 1243 335 Lolium
1284 297 1642 336 temulentum
1674 305 1717 337 et

226 357 535 404 maximum,
590 355 870 394 Hordeum
928 353 1194 390 murinum
1240 362 1301 398 et,
1360 362 1466 392 teste
1515 353 1565 391 cl.
1616 367 1715 392 Λιςω.

228 428 287 453 DE
333 427 366 453 s,
416 425 623 457 numme,
667 415 850 449 Avcna
882 409 1079 455 sativa,
1121 418 1202 446 tam
1243 410 1439 460 Europae
1482 423 1604 462 quam
1644 423 1715 447 au-

227 468 366 509 stralis
398 467 621 506 Americae
651 478 893 504 communes
925 464 1164 514 indigenae.

337 525 501 563 Demus
544 522 697 570 etiam>
753 535 858 574 quae
897 520 1202 559 nominavimus
1245 519 1452 571 gramina,
1511 532 1721 571 curopaea

227 579 497 634 praesertim,
531 591 582 616 ex
607 577 712 617 orbe
740 576 877 616 veteri
907 588 1002 614 casu
1033 575 1229 613 translata
1255 575 1409 622 fuisse,
1452 576 1563 629 quod
1595 589 1722 628 quum

227 638 418 690 ipsorum
458 633 617 673 semina
658 641 800 671 essent
844 632 957 670 inter
988 632 1199 669 frumenta
1245 640 1287 669 et
1316 632 1562 684 gallinarum
1595 630 1720 683 pabu-

225 694 314 731 lum
338 689 465 729 facile
491 688 585 728 fieri
608 689 762 741 potuit,
779 709 832 715 —-
849 701 955 741 quae
973 687 1141 740 quidem
1160 685 1305 738 opinio
1322 687 1623 726 corroboratur
1648 686 1722 725 ob-

229 747 473 787 servatione
491 775 501 793 ,
534 745 605 783 illa
630 758 709 797 per
737 744 929 782 boreales
954 743 1264 796 calidioresque
1288 743 1492 781 Brasiliae
1518 743 1720 795 regiones

225 802 381 842 diffusa
421 815 507 841 non
540 813 661 849 esse3
700 822 754 829 —-
791 814 873 853 quo
913 798 1038 837 modo
1073 807 1212 836 tamen
1257 798 1410 837 sactum
1445 807 1532 845 est,
1572 807 1615 836 ut
1642 797 1719 835 alia

225 857 378 913 procul
405 857 456 897 ab
494 871 567 896 ora
608 855 816 894 maritima
836 884 845 901 ,
874 854 916 893 in
947 854 1194 908 regionibus
1225 868 1358 905 prope
1394 854 1561 893 modum
1599 853 1719 891 inho«

234 913 481 968 spitalibus‚
507 912 644 967 qualis
679 919 743 950 cst
775 910 1064 950 Chaetaria
1109 909 1440 948 canariensis
1481 910 1523 947 in
1561 909 1720 961 campis

229 970 281 1010 ad
310 969 483 1009 fluvium
513 968 754 1020 Jtapicuru,
800 966 1052 1006 Provinciae
1086 966 1467 1016 Maragnauiensss,
1506 965 1721 1003 invenian-

225 1035 319 1074 tur,
367 1025 451 1065 nisi
486 1025 676 1064 locorum
709 1023 881 1061 illorum
912 1031 1141 1061 statuamus
1166 1021 1394 1075 indigena?
1453 1021 1559 1060 Mira
1593 1020 1719 1060 ctiam

229 1082 438 1134 Oryzae
491 1079 697 1120 sativae
737 1078 912 1117 diffusio
948 1087 1034 1125 est,
1099 1078 1181 1115 illis
1225 1079 1351 1116 etiam
1407 1076 1450 1115 in
1494 1076 1599 1116 locis
1644 1076 1719 1115 ob-

229 1138 353 1186 viae,
398 1136 470 1190 qui
514 1136 662 1189 procul
709 1135 759 1173 ab
799 1135 914 1174 omni
956 1134 1114 1173 cultura
1153 1143 1248 1172 sunt
1285 1147 1421 1187 eoque
1466 1133 1718 1179 mirabilior,

227 1194 343 1250 quod
403 1195 535 1233 Zeae
587 1191 815 1242 Mayidis
867 1190 979 1229 nulla
1037 1190 1270 1242 specimina
1326 1198 1517 1241 sponte
1568 1202 1718 1227 cres-

228 1249 405 1290 centia
436 1248 639 1288 hactenus
671 1248 714 1285 in
743 1247 925 1285 Brasilia
954 1246 1003 1285 ab
1035 1247 1177 1299 aliquo
1206 1246 1505 1285 Botanicorum
1536 1246 1620 1283 sint
1657 1245 1720 1282 in-

225 1315 376 1353 venta,
415 1306 519 1344 licet
547 1306 686 1357 planta
727 1316 805 1356 per
834 1303 960 1341 multa
997 1302 1158 1340 saecula
1191 1311 1287 1340 ante
1326 1304 1643 1353 Eur-opacorum
1677 1300 1720 1338 in

223 1376 380 1403 novum
415 1361 565 1400 orbem
594 1360 888 1413 navigationes
918 1359 1075 1398 ibidem
1110 1358 1218 1396 culta
1247 1357 1389 1396 suerit.
1450 1358 1567 1396 Talia
1597 1356 1720 1396 nobis

223 1417 588 1472 perpendentibus
640 1415 883 1455 recordatio
933 1415 1045 1453 subit
1088 1415 1320 1466 plantarum
1371 1413 1562 1460 illarum,
1613 1426 1720 1466 quae

226 1474 346 1529 quasi
377 1486 511 1513 coeco
541 1481 680 1511 motae
712 1470 1124 1510 instinctuhomines
1153 1470 1194 1507 in
1225 1469 1524 1508 remotissimas
1550 1469 1721 1508 illorum

225 1530 513 1571 habitationes
552 1528 908 1573 concomitantes,
959 1526 1041 1566 sibi
1073 1526 1285 1564 domicilia
1317 1539 1468 1578 parere
1508 1525 1720 1573 dicuntur,

229 1587 326 1626 dum
352 1586 474 1632 aliae,
515 1593 559 1623 ut
583 1585 673 1637 ipsa
698 1583 868 1622 Cereris
891 1582 995 1621 dona
1012 1612 1022 1629 ,
1055 1583 1173 1636 quasi
1201 1582 1376 1620 bumana
1397 1582 1602 1620 industria
1624 1595 1720 1620 coa-

229 1646 321 1681 ctae
367 1641 435 1680 vix
471 1641 555 1680 nisi
599 1642 760 1680 cultura
800 1638 998 1678 renovari
1037 1639 1228 1691 possint,
1269 1647 1309 1676 et
1333 1637 1431 1676 ideo
1464 1647 1533 1676 aut
1564 1637 1718 1676 blando

226 1698 447 1737 homiuum
471 1698 687 1736 consortio
719 1695 931 1734 demulsae
965 1702 1036 1733 aut
1065 1694 1190 1748 longa
1220 1693 1478 1734 servitudine
1508 1693 1719 1733 libertatis

229 1754 373 1794 studio
413 1752 585 1792 orbatae
624 1753 857 1792 videantur.
1582 1796 1592 1800 ο

341 1810 563 1848 Caeterum
594 1809 691 1848 heic
716 1804 1132 1846 animadvertendum
1159 1814 1236 1852 est,
1270 1804 1526 1844 commercio
1550 1803 1723 1842 Aethio-

230 1878 353 1917 pum,
403 1865 517 1918 quod
551 1864 633 1917 jam
668 1865 718 1904 ab
752 1862 913 1916 aliquot
953 1863 1130 1901 saeculis
1171 1862 1285 1900 inter
1319 1873 1414 1900 oras
1451 1860 1639 1900 Guineae
1682 1868 1725 1898 et

227 1921 522 1974 Mosambique
570 1935 664 1959 cum
730 1917 913 1958 Brasilia
962 1918 1154 1964 obtinet,
1214 1916 1336 1957 effici
1382 1925 1428 1956 ut
1473 1929 1579 1970 quae
1624 1928 1725 1953 vera

228 1977 464 2031 graminum
504 1977 545 2014 in
581 1977 708 2016 Flora
739 1973 990 2013 Brasiliensi
1021 1973 1331 2013 recensitorum
1366 1972 1500 2024 patria
1539 1971 1617 2017 sit,
1657 1971 1725 2009 vix

229 2031 397 2072 definiri
432 2032 582 2083 possit.
653 2034 743 2071 Hac
788 2043 941 2081 nempe
979 2029 1042 2068 via
1084 2029 1233 2068 multas
1265 2029 1450 2082 plantas,
1482 2040 1586 2081 quae
1615 2041 1725 2066 nunc

226 2089 433 2127 Brasiliae
474 2088 700 2141 indigenae
736 2094 934 2139 putantur
966 2099 1015 2124 ex
1049 2085 1113 2124 his
1142 2085 1229 2124 oris
1258 2098 1352 2123 cum
1382 2084 1561 2122 miserae
1596 2083 1724 2122 sortis

225 2144 471 2184 hominibus
535 2144 672 2182 illatas
731 2156 824 2181 esse
876 2155 978 2181 vero
1033 2140 1173 2180 simile
1220 2140 1437 2187 redditur,
1491 2138 1607 2190 cujus
1658 2137 1724 2177 rei

225 2200 477 2239 Panicum
507 2199 874 2237 numidianum
907 2206 947 2235 et
975 2196 1286 2248 spectabile
1308 2195 1450 2235 forsan
1468 2204 1561 2235 sunt
1579 2203 1722 2232 testes.

229 2257 348 2316 Quae
384 2255 558 2309 quidem
588 2254 808 2294 difficultas
843 2253 885 2291 in
921 2252 1012 2291 dies
1045 2261 1246 2305 augetur,
1290 2266 1417 2306 quum
1451 2260 1598 2304 portus
1630 2249 1725 2288 bra-

228 2313 427 2353 silienses
468 2325 552 2349 non
594 2311 727 2350 solum
774 2325 794 2348 a
839 2308 1013 2347 navibus
1053 2308 1302 2361 europaeis,
1353 2321 1495 2346 verum
1541 2306 1665 2344 etiam
1697 2319 1721 2344 e

226 2367 531 2410 Promontorio
573 2366 711 2406 bonae
754 2364 873 2417 spei,
939 2378 990 2403 ex
1030 2364 1229 2403 orientali
1268 2364 1392 2403 Jndia
1444 2371 1488 2402 et
1527 2361 1722 2402 America

227 2423 392 2466 boreali
423 2422 744 2462 adventantibus
774 2421 1106 2474 frequententur.

345 2478 678 2531 Supersedemus
717 2478 861 2530 itaque
900 2475 1195 2514 enumerandis
1235 2484 1426 2515 accurate
1469 2472 1721 2526 speciebus,

234 2550 336 2590 quas
369 2534 546 2573 Brasilia
573 2548 666 2573 cum
700 2533 793 2572 aliis
824 2532 1069 2584 regionibus
1101 2545 1343 2570 communes
1373 2529 1521 2575 babet,
1553 2528 1722 2581 conjec-

229 2592 424 2645 turisque
462 2603 590 2643 super
628 2604 771 2629 earum
816 2602 1036 2626 numerum
1070 2586 1355 2634 deducendis,
1396 2600 1530 2639 quae,
1571 2594 1615 2623 ut
1654 2598 1721 2623 res

228 2660 339 2685 nunc
371 2655 491 2693 sunt,
531 2660 614 2685 non
651 2660 743 2685 esse
774 2658 1087 2697 praeproperae
1118 2657 1198 2682 non
1230 2650 1415 2695 possunt.
1478 2640 1722 2688 suffecerit,

230 2704 267 2742 si
306 2716 527 2741 numerum
561 2702 797 2753 specierum
829 2700 871 2738 in
916 2699 991 2738 hac
1022 2699 1147 2738 Flora
1177 2698 1504 2743 recensitarum,
1562 2709 1723 2749 perque

228 2759 410 2799 familias
442 2757 721 2810 digestarum,
754 2770 846 2794 cum
879 2755 964 2793 illis
996 2767 1307 2807 comparamus,
1341 2767 1443 2806 quas
1474 2752 1620 2804 inclyti
1649 2766 1721 2805 pe-

229 2814 523 2868 regrinatores
576 2813 640 2853 Al.
688 2813 739 2852 de
782 2825 1025 2851 numssomrr
1077 2819 1119 2848 et
1165 2823 1398 2849 Romanu)
1449 2809 1604 2849 itinere
1648 2821 1719 2848 suo

229 2870 490 2919 1'ctulcrunt3
522 2868 563 2908 id
595 2868 708 2924 quod
739 2867 952 2922 praesenti
981 2866 1027 2905 {it
1057 2866 1216 2905 tabula:
