1788 3183
294 151 576 193 Gnimmmss.
635 146 919 195 Onsmivmo
963 155 1306 198 Gnoumpmca.
1459 157 1542 200 539

45 271 327 326 vegetationis
350 272 594 326 gramineae
623 285 702 325 per
730 273 953 314 Brasiliam
985 274 1210 322 varietate,
1243 289 1323 329 qua
1347 274 1543 315 diversae

46 337 253 367 tractuum
276 327 649 380 graminiserorum
672 334 811 381 partes
831 330 1149 384 distinguuntur
1164 359 1175 379 ,
1207 330 1423 385 variisque
1448 342 1545 383 spe-

47 392 256 425 ctatorem
283 384 423 422 modis
446 382 655 423 afficiunt.

158 438 408 490 Propriam,
463 454 585 492 quam
619 439 822 486 dicimus,
862 439 1236 494 Physiognomiam
1267 439 1444 492 alicujus
1475 453 1544 480 re·

46 494 188 549 gionis
209 494 306 533 illae
328 494 563 545 graminum
589 496 756 548 species
778 494 991 543 efficiunt,
1025 509 1130 550 quae
1157 496 1320 550 patriae
1347 496 1545 536 terminis

23 548 362 604 'angustioribus
395 550 801 590 circumscribuntur
836 566 868 590 s.
895 552 1228 592 extensione
1261 551 1442 606 gaudent
1470 552 1547 590 mi-

47 620 127 646 nus
162 605 321 659 ampla,
351 619 354 621 ’
379 615 424 646 ut
465 606 569 645 dicit
609 607 661 647 el.
706 621 902 647 scuotw.
972 608 1122 647 Solent
1158 607 1256 646 illae
1293 607 1546 661 plerumque

45 662 335 702 characterem
372 675 473 713 prae
511 675 556 700 se
593 662 710 702 serre
750 675 1042 710 communem,
1086 677 1170 717 quo
1206 677 1300 703 sese
1331 663 1544 717 genuinos

46 717 137 767 ejus
174 726 331 757 tractus
365 717 527 756 incolas
569 718 764 770 probant.
835 718 955 759 Aliae
989 728 1137 758 contra
1178 719 1412 772 graminum
1446 732 1544 772 spe-

46 773 161 823 cies,
206 781 249 812 et
282 786 357 812 eae
397 773 567 826 quidem
602 774 890 826 potissimum,
933 788 1039 828 quae
1066 788 1144 826 per
1171 775 1451 827 amplissimas
1472 787 1544 813 re-

49 830 200 883 giones
234 836 332 868 sunt
367 828 568 874 diffusae,
613 830 749 869 minus
780 829 1011 883 peculiaris
1050 830 1212 870 formae
1237 830 1445 870 rationem
1475 843 1543 869 se·

45 893 245 941 quuntur.
306 883 519 927 Videntur
557 884 636 925 hae
678 885 832 925 eximia
873 884 1070 925 facultate
1115 899 1207 925 sese
1248 885 1541 926 diversissimo

47 940 209 981 climati
236 939 584 980 accommodandi
611 941 828 993 praeditae
847 969 858 988 ,
907 941 1115 994 simulque
1144 942 1254 981 notis
1292 941 1542 995 quibusdam

46 995 165 1051 quasi
198 996 355 1047 topicis
391 1010 485 1036 esse
518 997 772 1044 destitutae,
814 1010 921 1050 quae
953 997 997 1035 in
1032 997 1174 1036 radice
1217 997 1539 1051 culmorumque

48 1052 338 1106 magnitudine
370 1061 413 1091 et
441 1052 745 1092 ramificatione
765 1081 774 1099 ,
815 1065 895 1091 nee
928 1067 1014 1091 non
1046 1051 1388 1101 inflorescentia‚
1428 1054 1538 1092 inte-

46 1117 426 1162 gumentorumque
446 1118 604 1154 natura,
637 1123 681 1148 ac
704 1108 850 1148 colore
873 1107 1000 1148 facile
1027 1118 1356 1162 cognoscuntur.
1417 1110 1536 1148 Haec

47 1164 308 1205 Gramina
347 1178 480 1217 vaga
520 1164 844 1217 appellaverim,
887 1178 1120 1218 eorumque
1156 1179 1374 1203 numerum
1415 1162 1537 1204 valde

46 1220 324 1273 conspicuum
352 1221 578 1260 observatu
604 1220 776 1274 dignum
815 1219 1166 1267 existimaverim,
1212 1221 1440 1273 praecipue
1467 1233 1537 1268 ΘΟ,

46 1277 161 1331 quod
194 1276 298 1315 aliae
332 1290 355 1317 e
388 1277 818 1329 Monoeotyledonum
853 1277 990 1324 serie,
1042 1290 1076 1315 e.
1106 1290 1142 1329 g.
1213 1276 1403 1323 Palmae,
1453 1276 1536 1316 hoc

44 1342 169 1386 pacto
203 1331 322 1387 quasi
354 1342 450 1372 sunt
483 1347 505 1372 e
542 1334 720 1387 regione
764 1332 1022 1385 graminibus
1073 1333 1323 1384 oppositae,
1374 1332 1535 1386 quippe

45 1402 178 1443 quae,
220 1388 367 1445 paucis
399 1389 609 1442 exceptis,
656 1388 963 1441 angustissimis
992 1387 1195 1427 limitibus
1228 1388 1539 1429 contineantur·

44 1444 211 1484 Talium
247 1445 481 1498 graminum
515 1459 593 1498 per
619 1444 896 1484 vastissimam
931 1444 1135 1483 Brasiliae
1164 1444 1325 1497 plagam
1356 1443 1538 1483 diffuso·

42 1515 136 1540 rum
168 1514 367 1539 numerus
404 1500 513 1539 haud
544 1502 719 1553 exiguus
755 1510 845 1549 est3
890 1513 1121 1554 eorumque
1154 1500 1317 1554 aliquae
1346 1513 1426 1539 nec
1453 1502 1535 1540 Ae·

41 1565 219 1614 quatore
236 1570 315 1596 nee
330 1558 517 1609 Tropico
539 1556 791 1610 Capricorni
814 1555 1039 1603 coercitae,
1072 1555 1148 1594 hos
1174 1556 1380 1594 terminos
1396 1564 1532 1594 trans·

43 1612 297 1667 grediuntur
327 1622 367 1651 et
393 1613 434 1650 in
457 1613 611 1650 ultimis
631 1626 776 1650 versus
797 1614 996 1652 Austrum
1014 1611 1262 1664 regionibus
1280 1641 1290 1659 ‚
1322 1611 1363 1650 in
1388 1613 1431 1650 S.
1454 1613 1538 1650 Pe-

45 1668 103 1709 tri
140 1668 358 1722 provincia
393 1677 431 1707 et
461 1669 511 1706 ad
544 1672 733 1706 Montem
767 1668 947 1708 Videum
981 1667 1192 1715 habitant,
1236 1668 1347 1707 unde
1379 1682 1448 1706 eas
1487 1665 1538 1706 ad

45 1738 123 1764 nos
159 1724 314 1764 detulit
347 1723 399 1764 cl.
440 1739 648 1771 sssimow,
694 1722 932 1762 indefessus
970 1723 1297 1776 peregrinator,
1338 1724 1410 1776 qui
1434 1725 1539 1761 Bra·

44 1780 179 1821 siliam
207 1781 258 1821 ad
289 1780 393 1819 fines
426 1780 628 1820 australes
663 1792 795 1832 usque
826 1779 1110 1830 perlustravit.
1170 1779 1288 1817 Aliae
1317 1788 1359 1817 et
1384 1780 1424 1817 in
1452 1780 1535 1817 Co·

41 1836 223 1885 lumbia‚
256 1836 299 1874 in
319 1836 512 1882 Peruvia,
543 1836 586 1877 in
611 1834 822 1875 antillanis
845 1835 1010 1878 insulis,
1036 1834 1162 1873 immo
1186 1834 1228 1874 in
1247 1835 1428 1886 imperio
1446 1837 1537 1873 Me·

45 1892 198 1933 xieano
231 1892 281 1931 ab
319 1893 418 1932 clar.
465 1892 515 1930 de
557 1905 798 1930 nrnssonn'r
816 1920 824 1936 ,
878 1904 1140 1939 uonrnisn,
1196 1904 1369 1929 SWAlt'RZ
1418 1890 1537 1930 aliis-

48 1962 131 2004 que
175 1947 366 1988 detectae
420 1956 536 1993 sunt,
601 1948 660 1985 uti
711 1946 981 1999 Paspalus
1042 1945 1393 1999 conjugatus,
1452 1960 1536 1985 no-

47 2013 218 2049 tatus,
264 2003 593 2057 plicatulus,
627 2002 1006 2055 paniculatus‚
1039 2000 1393 2040 'rrichachne
1433 2014 1538 2040 sac·

48 2059 384 2108 ehariflora‚
415 2059 672 2098 Panicum
716 2057 1117 2103 trichanthum‚
1157 2056 1530 2104 liorizontale‚

48 2116 476 2161 tenuiculmum‚
520 2115 892 2168 glutinosum,
936 2113 1267 2166 Eragrostis
1299 2112 1530 2152 ciliaris

45 2171 124 2212 rel.
183 2171 398 2232 Quaedam
427 2171 554 2210 etiam
586 2171 627 2210 in
663 2168 902 2210 Amerieam
932 2178 1203 2221 temperatam
1241 2169 1532 2220 egrediuntur,

48 2228 111 2267 uti
154 2228 422 2278 Paspalus
466 2226 725 2278 supinus,
770 2224 1086 2271 arenarius,
1131 2224 1532 2276 'l'rachypogon

49 2283 366 2335 stipoides3
406 2283 609 2338 quaedam
652 2281 743 2321 orbi
779 2281 914 2320 veleri
942 2294 1086 2337 aeque,
1115 2294 1161 2318 ac
1201 2294 1310 2318 novo
1350 2293 1537 2318 commu-

48 2354 123 2379 nes
160 2347 358 2390 repertae
408 2348 527 2385 sunt,
593 2338 651 2378 uti
703 2337 966 2389 Paspalus
1016 2336 1309 2387 vaginatus
1355 2344 1394 2373 et
1433 2335 1537 2373 Mi-

50 2395 312 2435 crochloa
355 2403 604 2440 setaeea,
658 2394 781 2432 Asiae
822 2394 1049 2445 Novaeque
1101 2390 1351 2430 llollandiae
1407 2390 1534 2440 cives,

48 2453 112 2490 Pa
127 2451 252 2491 nica
296 2459 379 2489 tam
425 2465 444 2488 a
459 2450 597 2489 fl'iue
649 2452 771 2503 quam
817 2463 853 2486 m
869 2463 887 2486 a
904 2463 925 2486 x
943 2449 954 2485 i
973 2463 1006 2484 m
1023 2463 1045 2485 u
1064 2461 1101 2486 m
1117 2476 1126 2492 ‚
1180 2446 1324 2485 insulis
1372 2448 1531 2484 Masca-

48 2507 194 2547 renhis
222 2505 544 2560 continentic'pie
580 2507 747 2545 Africae
789 2504 1091 2555 Americaeque
1126 2502 1390 2549 communia3
1435 2504 1535 2542 Eu.

51 2573 126 2603 sta
143 2561 242 2613 chy
257 2577 275 2600 s
299 2571 448 2616 petra
464 2576 485 2601 e
500 2578 519 2601 a
539 2592 548 2608 ,
583 2560 871 2602 Promontorii
896 2561 1030 2598 bonae
1051 2559 1141 2610 spei
1159 2575 1241 2598 non
1268 2557 1400 2595 minus
1416 2572 1539 2612 quam

50 2619 256 2659 lin-asiliae
275 2648 286 2665 ,
328 2619 461 2660 Chlo
477 2620 552 2658 ris
585 2618 813 2657 barbata
831 2646 840 2663 ,
888 2616 1029 2655 Indiae
1062 2616 1282 2656 orientalis
1315 2617 1536 2656 continen-

51 2675 105 2716 tis
150 2676 326 2729 ejusque
366 2674 637 2727 Areliipelagi
659 2704 668 2721 ,
723 2676 756 2713 E
772 2687 933 2724 rag-ro
953 2681 995 2708 st
1014 2673 1026 2710 i
1044 2686 1061 2710 s
1101 2686 1172 2711 mo
1190 2672 1379 2710 xicana
1397 2700 1406 2717 ,
1448 2675 1538 2713 Me-

54 2732 136 2770 xici
153 2763 162 2776 ,
214 2731 444 2777 Biailiae,
489 2733 630 2769 {Novae
671 2729 922 2769 Hollandiae
958 2729 1166 2779 Jawwque
1184 2756 1194 2773 ‚
1241 2727 1307 2765 Ch
1323 2741 1341 2764 a
1359 2741 1380 2765 c
1396 2736 1409 2765 t
1425 2743 1444 2766 a
1458 2728 1539 2768 ria

54 2803 177 2826 cana
195 2787 408 2827 riensis
451 2787 677 2825 insularum
718 2783 998 2825 occidentalis
1040 2784 1208 2823 Asi-icae
1234 2783 1541 2836 Brasiliaequc,

54 2843 263 2898 denique,
310 2851 354 2881 ut
388 2841 553 2890 finiam,
599 2842 858 2883 Panicum
897 2840 1031 2880 Crus
1064 2839 1234 2885 Galli,
1266 2839 1539 2880 Triticum
