<?xml version="1.0" encoding="UTF-8"?>
<!DOCTYPE html PUBLIC "-//W3C//DTD XHTML 1.0 Transitional//EN"
    "http://www.w3.org/TR/xhtml1/DTD/xhtml1-transitional.dtd">
<html xmlns="http://www.w3.org/1999/xhtml" xml:lang="en" lang="en">
 <head>
  <title>
</title>
<meta http-equiv="Content-Type" content="text/html;charset=utf-8" />
  <meta name='ocr-system' content='tesseract 3.04.00' />
  <meta name='ocr-capabilities' content='ocr_page ocr_carea ocr_par ocr_line ocrx_word'/>
</head>
<body>
  <div class='ocr_page' id='page_1' title='image "agrostologiabras00nees_0167.png"; bbox 0 0 1788 3183; ppageno 0'>
   <div class='ocr_carea' id='block_1_1' title="bbox 512 190 1553 248">
    <p class='ocr_par' dir='ltr' id='par_1_1' title="bbox 512 190 1553 248">
     <span class='ocr_line' id='line_1_1' title="bbox 512 190 1553 248; baseline 0.009 -17"><span class='ocrx_word' id='word_1_1' title='bbox 512 190 797 232; x_wconf 67' lang='lat' dir='ltr'>Gnmmmn.</span> <span class='ocrx_word' id='word_1_2' title='bbox 856 191 1076 232; x_wconf 72' lang='lat' dir='ltr'>PAmctm.</span> <span class='ocrx_word' id='word_1_3' title='bbox 1208 231 1210 233; x_wconf 93' lang='lat'>.</span> <span class='ocrx_word' id='word_1_4' title='bbox 1225 233 1228 236; x_wconf 14' lang='grc' dir='ltr'><strong>Α</strong></span> <span class='ocrx_word' id='word_1_5' title='bbox 1469 196 1553 248; x_wconf 79' lang='grc'>153</span> 
     </span>
    </p>
   </div>
   <div class='ocr_carea' id='block_1_2' title="bbox 43 309 1557 856">
    <p class='ocr_par' dir='ltr' id='par_1_2' title="bbox 43 309 1557 856">
     <span class='ocr_line' id='line_1_2' title="bbox 155 309 1550 364; baseline 0.001 -12"><span class='ocrx_word' id='word_1_6' title='bbox 155 309 384 352; x_wconf 79' lang='lat' dir='ltr'>observ.</span> <span class='ocrx_word' id='word_1_7' title='bbox 441 310 697 364; x_wconf 77' lang='lat' dir='ltr'><strong>Descriptio</strong></span> <span class='ocrx_word' id='word_1_8' title='bbox 727 325 750 350; x_wconf 88' lang='lat' dir='ltr'>a</span> <span class='ocrx_word' id='word_1_9' title='bbox 780 311 1005 359; x_wconf 85' lang='lat' dir='ltr'>Trinio,</span> <span class='ocrx_word' id='word_1_10' title='bbox 1036 310 1129 353; x_wconf 85' lang='lat' dir='ltr'>viro</span> <span class='ocrx_word' id='word_1_11' title='bbox 1153 311 1430 358; x_wconf 84' lang='lat' dir='ltr'>acutissimo,</span> <span class='ocrx_word' id='word_1_12' title='bbox 1460 313 1489 352; x_wconf 87' lang='lat' dir='ltr'>l.</span> <span class='ocrx_word' id='word_1_13' title='bbox 1511 326 1550 354; x_wconf 87' lang='lat' dir='ltr'>c.</span> 
     </span>
     <span class='ocr_line' id='line_1_3' title="bbox 46 365 1554 421; baseline 0.002 -14"><span class='ocrx_word' id='word_1_14' title='bbox 46 365 141 407; x_wconf 84' lang='lat' dir='ltr'>data</span> <span class='ocrx_word' id='word_1_15' title='bbox 171 368 229 406; x_wconf 89' lang='lat' dir='ltr'>ita</span> <span class='ocrx_word' id='word_1_16' title='bbox 256 366 476 421; x_wconf 83' lang='lat' dir='ltr'>congruit,</span> <span class='ocrx_word' id='word_1_17' title='bbox 511 376 555 405; x_wconf 80' lang='lat' dir='ltr'>ut</span> <span class='ocrx_word' id='word_1_18' title='bbox 586 367 713 405; x_wconf 81' lang='lat' dir='ltr'>dubia</span> <span class='ocrx_word' id='word_1_19' title='bbox 743 381 828 407; x_wconf 91' lang='lat' dir='ltr'>non</span> <span class='ocrx_word' id='word_1_20' title='bbox 857 376 1049 416; x_wconf 79' lang='lat' dir='ltr'><strong>restent,</strong></span> <span class='ocrx_word' id='word_1_21' title='bbox 1082 382 1131 407; x_wconf 85' lang='lat' dir='ltr'>an</span> <span class='ocrx_word' id='word_1_22' title='bbox 1164 368 1312 407; x_wconf 88' lang='lat' dir='ltr'>eadem</span> <span class='ocrx_word' id='word_1_23' title='bbox 1341 369 1466 409; x_wconf 81' lang='lat' dir='ltr'>nobis</span> <span class='ocrx_word' id='word_1_24' title='bbox 1496 370 1554 410; x_wconf 73' lang='lat' dir='ltr'>sit</span> 
     </span>
     <span class='ocr_line' id='line_1_4' title="bbox 43 422 1553 478; baseline 0.001 -16"><span class='ocrx_word' id='word_1_25' title='bbox 43 423 187 476; x_wconf 86' lang='lat' dir='ltr'>planta</span> <span class='ocrx_word' id='word_1_26' title='bbox 218 437 342 477; x_wconf 85' lang='lat' dir='ltr'>quam</span> <span class='ocrx_word' id='word_1_27' title='bbox 376 423 449 461; x_wconf 91' lang='lat' dir='ltr'>ille</span> <span class='ocrx_word' id='word_1_28' title='bbox 492 422 736 475; x_wconf 83' lang='lat' dir='ltr'>descripsit.</span> <span class='ocrx_word' id='word_1_29' title='bbox 796 426 842 462; x_wconf 92' lang='lat' dir='ltr'>In</span> <span class='ocrx_word' id='word_1_30' title='bbox 873 424 955 462; x_wconf 93' lang='lat' dir='ltr'>hoc</span> <span class='ocrx_word' id='word_1_31' title='bbox 986 424 1078 463; x_wconf 90' lang='lat' dir='ltr'>solo</span> <span class='ocrx_word' id='word_1_32' title='bbox 1110 432 1251 463; x_wconf 86' lang='lat' dir='ltr'>tamen</span> <span class='ocrx_word' id='word_1_33' title='bbox 1282 424 1427 478; x_wconf 87' lang='lat' dir='ltr'>aliquo</span> <span class='ocrx_word' id='word_1_34' title='bbox 1460 439 1553 466; x_wconf 86' lang='lat' dir='ltr'>mo-</span> 
     </span>
     <span class='ocr_line' id='line_1_5' title="bbox 44 478 1555 533; baseline 0.002 -15"><span class='ocrx_word' id='word_1_35' title='bbox 44 479 100 518; x_wconf 84' lang='lat' dir='ltr'>do</span> <span class='ocrx_word' id='word_1_36' title='bbox 126 479 293 518; x_wconf 81' lang='lat' dir='ltr'><strong>recedit</strong></span> <span class='ocrx_word' id='word_1_37' title='bbox 323 478 544 530; x_wconf 81' lang='lat' dir='ltr'><strong>specimen</strong></span> <span class='ocrx_word' id='word_1_38' title='bbox 575 488 769 517; x_wconf 83' lang='lat' dir='ltr'>nostrum</span> <span class='ocrx_word' id='word_1_39' title='bbox 791 508 800 525; x_wconf 84' lang='grc'><em>,</em></span> <span class='ocrx_word' id='word_1_40' title='bbox 842 479 955 533; x_wconf 88' lang='lat' dir='ltr'>quod</span> <span class='ocrx_word' id='word_1_41' title='bbox 986 479 1126 533; x_wconf 81' lang='lat' dir='ltr'>gluma</span> <span class='ocrx_word' id='word_1_42' title='bbox 1156 480 1340 519; x_wconf 81' lang='lat' dir='ltr'>inferior</span> <span class='ocrx_word' id='word_1_43' title='bbox 1369 481 1437 519; x_wconf 83' lang='lat' dir='ltr'>vix</span> <span class='ocrx_word' id='word_1_44' title='bbox 1465 490 1555 521; x_wconf 57' lang='lat' dir='ltr'>terz-</span> 
     </span>
     <span class='ocr_line' id='line_1_6' title="bbox 44 534 1556 589; baseline 0.002 -15"><span class='ocrx_word' id='word_1_45' title='bbox 44 534 104 574; x_wconf 79' lang='lat' dir='ltr'>tia</span> <span class='ocrx_word' id='word_1_46' title='bbox 146 543 267 587; x_wconf 88' lang='lat' dir='ltr'>parte</span> <span class='ocrx_word' id='word_1_47' title='bbox 310 534 451 573; x_wconf 86' lang='lat' dir='ltr'>minor</span> <span class='ocrx_word' id='word_1_48' title='bbox 495 535 551 573; x_wconf 87' lang='lat' dir='ltr'>sit</span> <span class='ocrx_word' id='word_1_49' title='bbox 591 535 843 587; x_wconf 84' lang='lat' dir='ltr'>superiore,</span> <span class='ocrx_word' id='word_1_50' title='bbox 885 535 1120 589; x_wconf 80' lang='lat' dir='ltr'>cademque</span> <span class='ocrx_word' id='word_1_51' title='bbox 1162 551 1247 575; x_wconf 89' lang='lat' dir='ltr'>non</span> <span class='ocrx_word' id='word_1_52' title='bbox 1287 536 1435 575; x_wconf 67' lang='lat' dir='ltr'>obfusa</span> <span class='ocrx_word' id='word_1_53' title='bbox 1478 538 1556 578; x_wconf 80' lang='lat' dir='ltr'>sed</span> 
     </span>
     <span class='ocr_line' id='line_1_7' title="bbox 44 590 1556 646; baseline 0.002 -17"><span class='ocrx_word' id='word_1_54' title='bbox 44 598 193 643; x_wconf 66' lang='lat' dir='ltr'>acuta3</span> <span class='ocrx_word' id='word_1_55' title='bbox 223 599 310 629; x_wconf 88' lang='lat' dir='ltr'>tum</span> <span class='ocrx_word' id='word_1_56' title='bbox 332 590 528 641; x_wconf 74' lang='lat' dir='ltr'>superior</span> <span class='ocrx_word' id='word_1_57' title='bbox 548 591 590 628; x_wconf 91' lang='lat' dir='ltr'>in</span> <span class='ocrx_word' id='word_1_58' title='bbox 615 591 743 630; x_wconf 86' lang='lat' dir='ltr'>dorso</span> <span class='ocrx_word' id='word_1_59' title='bbox 765 591 965 630; x_wconf 79' lang='lat' dir='ltr'>distincta</span> <span class='ocrx_word' id='word_1_60' title='bbox 986 592 1126 631; x_wconf 85' lang='lat' dir='ltr'>ciliata</span> <span class='ocrx_word' id='word_1_61' title='bbox 1151 593 1371 646; x_wconf 82' lang='lat' dir='ltr'>apparuit,</span> <span class='ocrx_word' id='word_1_62' title='bbox 1406 606 1556 646; x_wconf 86' lang='lat' dir='ltr'>quem-</span> 
     </span>
     <span class='ocr_line' id='line_1_8' title="bbox 45 645 1556 697; baseline 0.001 -11"><span class='ocrx_word' id='word_1_63' title='bbox 45 645 270 686; x_wconf 84' lang='lat' dir='ltr'>admodum</span> <span class='ocrx_word' id='word_1_64' title='bbox 306 646 497 685; x_wconf 84' lang='lat' dir='ltr'>neutrius</span> <span class='ocrx_word' id='word_1_65' title='bbox 545 645 713 686; x_wconf 82' lang='lat' dir='ltr'>flosculi</span> <span class='ocrx_word' id='word_1_66' title='bbox 758 647 916 685; x_wconf 84' lang='lat' dir='ltr'>valvula</span> <span class='ocrx_word' id='word_1_67' title='bbox 969 648 1184 697; x_wconf 82' lang='lat' dir='ltr'>exteri0r3</span> <span class='ocrx_word' id='word_1_68' title='bbox 1222 649 1297 687; x_wconf 89' lang='lat' dir='ltr'>sed</span> <span class='ocrx_word' id='word_1_69' title='bbox 1326 648 1431 688; x_wconf 85' lang='lat' dir='ltr'>haec</span> <span class='ocrx_word' id='word_1_70' title='bbox 1462 648 1556 689; x_wconf 89' lang='lat' dir='ltr'>for-</span> 
     </span>
     <span class='ocr_line' id='line_1_9' title="bbox 45 701 1557 757; baseline 0.001 -15"><span class='ocrx_word' id='word_1_71' title='bbox 45 715 118 742; x_wconf 84' lang='lat' dir='ltr'>san</span> <span class='ocrx_word' id='word_1_72' title='bbox 150 702 194 740; x_wconf 91' lang='lat' dir='ltr'>in</span> <span class='ocrx_word' id='word_1_73' title='bbox 233 701 463 741; x_wconf 81' lang='lat' dir='ltr'>fructifero</span> <span class='ocrx_word' id='word_1_74' title='bbox 504 703 697 754; x_wconf 80' lang='lat' dir='ltr'>gramine</span> <span class='ocrx_word' id='word_1_75' title='bbox 737 703 810 752; x_wconf 87' lang='lat'>(—-</span> <span class='ocrx_word' id='word_1_76' title='bbox 841 701 1001 742; x_wconf 81' lang='lat' dir='ltr'>florens</span> <span class='ocrx_word' id='word_1_77' title='bbox 1038 706 1308 757; x_wconf 80' lang='lat' dir='ltr'>possidemus</span> <span class='ocrx_word' id='word_1_78' title='bbox 1354 704 1439 757; x_wconf 87' lang='lat' dir='ltr'>ipsi</span> <span class='ocrx_word' id='word_1_79' title='bbox 1479 704 1557 756; x_wconf 91' lang='lat'>—)</span> 
     </span>
     <span class='ocr_line' id='line_1_10' title="bbox 45 758 1557 812; baseline 0.003 -17"><span class='ocrx_word' id='word_1_80' title='bbox 45 767 270 797; x_wconf 89' lang='lat' dir='ltr'>mutantur.</span> <span class='ocrx_word' id='word_1_81' title='bbox 332 759 464 798; x_wconf 89' lang='lat' dir='ltr'>Color</span> <span class='ocrx_word' id='word_1_82' title='bbox 506 759 765 812; x_wconf 88' lang='lat' dir='ltr'>spicularum</span> <span class='ocrx_word' id='word_1_83' title='bbox 805 758 851 797; x_wconf 90' lang='lat' dir='ltr'>in</span> <span class='ocrx_word' id='word_1_84' title='bbox 893 759 1022 799; x_wconf 88' lang='lat' dir='ltr'>dorso</span> <span class='ocrx_word' id='word_1_85' title='bbox 1063 760 1232 809; x_wconf 85' lang='lat' dir='ltr'>fuscus,</span> <span class='ocrx_word' id='word_1_86' title='bbox 1276 759 1482 801; x_wconf 83' lang='lat' dir='ltr'>inferiori</span> <span class='ocrx_word' id='word_1_87' title='bbox 1509 760 1557 800; x_wconf 87' lang='lat' dir='ltr'>in</span> 
     </span>
     <span class='ocr_line' id='line_1_11' title="bbox 43 812 455 856; baseline -0.002 -3"><span class='ocrx_word' id='word_1_88' title='bbox 43 813 176 854; x_wconf 81' lang='lat' dir='ltr'>latere</span> <span class='ocrx_word' id='word_1_89' title='bbox 205 812 455 856; x_wconf 77' lang='lat' dir='ltr'>flavescens.</span> 
     </span>
    </p>
   </div>
   <div class='ocr_carea' id='block_1_3' title="bbox 415 938 1189 984">
    <p class='ocr_par' dir='ltr' id='par_1_3' title="bbox 415 938 1189 984">
     <span class='ocr_line' id='line_1_12' title="bbox 415 938 1189 984; baseline -0.005 -6"><span class='ocrx_word' id='word_1_90' title='bbox 415 938 470 978; x_wconf 65' lang='lat'>42.</span> <span class='ocrx_word' id='word_1_91' title='bbox 513 945 789 978; x_wconf 40' lang='lat' dir='ltr'>pirineum</span> <span class='ocrx_word' id='word_1_92' title='bbox 826 946 1130 977; x_wconf 67' lang='lat' dir='ltr'>snrnovu.</span> <span class='ocrx_word' id='word_1_93' title='bbox 1165 941 1189 984; x_wconf 70' lang='lat'>³,-</span> 
     </span>
    </p>
   </div>
   <div class='ocr_carea' id='block_1_4' title="bbox 47 1036 1560 1205">
    <p class='ocr_par' dir='ltr' id='par_1_4' title="bbox 47 1036 1560 1205">
     <span class='ocr_line' id='line_1_13' title="bbox 159 1036 1560 1093; baseline 0.004 -18"><span class='ocrx_word' id='word_1_94' title='bbox 159 1036 208 1076; x_wconf 90' lang='lat' dir='ltr'>P.</span> <span class='ocrx_word' id='word_1_95' title='bbox 239 1036 740 1090; x_wconf 70' lang='lat' dir='ltr'>racemo&#39;decomposito</span> <span class='ocrx_word' id='word_1_96' title='bbox 774 1046 1023 1087; x_wconf 75' lang='lat' dir='ltr'>contracto,</span> <span class='ocrx_word' id='word_1_97' title='bbox 1055 1039 1185 1077; x_wconf 89' lang='lat' dir='ltr'>ramis</span> <span class='ocrx_word' id='word_1_98' title='bbox 1218 1039 1454 1093; x_wconf 79' lang='lat' dir='ltr'>elongatis,</span> <span class='ocrx_word' id='word_1_99' title='bbox 1485 1053 1560 1093; x_wconf 87' lang='lat' dir='ltr'>pe-</span> 
     </span>
     <span class='ocr_line' id='line_1_14' title="bbox 47 1091 1559 1147; baseline 0.002 -15"><span class='ocrx_word' id='word_1_100' title='bbox 47 1091 243 1132; x_wconf 86' lang='lat' dir='ltr'>dunculis</span> <span class='ocrx_word' id='word_1_101' title='bbox 275 1091 551 1139; x_wconf 77' lang='lat' dir='ltr'>subbissoris‚</span> <span class='ocrx_word' id='word_1_102' title='bbox 586 1093 761 1145; x_wconf 87' lang='lat' dir='ltr'>spiculis</span> <span class='ocrx_word' id='word_1_103' title='bbox 793 1094 989 1133; x_wconf 84' lang='lat' dir='ltr'>obovatis</span> <span class='ocrx_word' id='word_1_104' title='bbox 1019 1095 1382 1147; x_wconf 76' lang='lat' dir='ltr'>pubescentibus,</span> <span class='ocrx_word' id='word_1_105' title='bbox 1417 1096 1559 1136; x_wconf 87' lang='lat' dir='ltr'>culmo</span> 
     </span>
     <span class='ocr_line' id='line_1_15' title="bbox 49 1148 1559 1205; baseline 0.002 -18"><span class='ocrx_word' id='word_1_106' title='bbox 49 1157 197 1188; x_wconf 89' lang='lat' dir='ltr'>erecto</span> <span class='ocrx_word' id='word_1_107' title='bbox 241 1148 721 1195; x_wconf 86' lang='lat' dir='ltr'>dichotomo-ramoso,</span> <span class='ocrx_word' id='word_1_108' title='bbox 778 1150 898 1189; x_wconf 82' lang='lat' dir='ltr'>foliis</span> <span class='ocrx_word' id='word_1_109' title='bbox 939 1150 1421 1205; x_wconf 83' lang='lat' dir='ltr'>oblongo-acuminatis</span> <span class='ocrx_word' id='word_1_110' title='bbox 1463 1151 1559 1192; x_wconf 80' lang='lat' dir='ltr'>basi</span> 
     </span>
    </p>
   </div>
   <div class='ocr_carea' id='block_1_5' title="bbox 45 1204 1558 1314">
    <p class='ocr_par' dir='ltr' id='par_1_5' title="bbox 45 1204 1558 1314">
     <span class='ocr_line' id='line_1_16' title="bbox 45 1204 1558 1299; baseline 0.005 -56"><span class='ocrx_word' id='word_1_111' title='bbox 45 1204 287 1244; x_wconf 77' lang='lat' dir='ltr'>rotundatis</span> <span class='ocrx_word' id='word_1_112' title='bbox 303 1219 444 1299; x_wconf 80' lang='lat' dir='ltr'>bsupra</span> <span class='ocrx_word' id='word_1_113' title='bbox 485 1206 638 1258; x_wconf 84' lang='lat' dir='ltr'>pilosis</span> <span class='ocrx_word' id='word_1_114' title='bbox 678 1204 823 1245; x_wconf 86' lang='lat' dir='ltr'>subtus</span> <span class='ocrx_word' id='word_1_115' title='bbox 864 1206 1078 1262; x_wconf 84' lang='lat' dir='ltr'>nodisque</span> <span class='ocrx_word' id='word_1_116' title='bbox 1108 1208 1360 1263; x_wconf 75' lang='lat' dir='ltr'>vaginisque</span> <span class='ocrx_word' id='word_1_117' title='bbox 1392 1208 1558 1248; x_wconf 75' lang='lat' dir='ltr'>minute</span> 
     </span>
     <span class='ocr_line' id='line_1_17' title="bbox 47 1260 394 1314; baseline -0.006 -14"><span class='ocrx_word' id='word_1_118' title='bbox 47 1260 299 1314; x_wconf 86' lang='lat' dir='ltr'>pubescenti</span> <span class='ocrx_word' id='word_1_119' title='bbox 334 1275 394 1300; x_wconf 90' lang='lat' dir='ltr'>us.</span> 
     </span>
    </p>
   </div>
   <div class='ocr_carea' id='block_1_6' title="bbox 50 1329 1576 2973">
    <p class='ocr_par' dir='ltr' id='par_1_6' title="bbox 50 1329 1570 2394">
     <span class='ocr_line' id='line_1_18' title="bbox 161 1329 1559 1389; baseline 0.001 -17"><span class='ocrx_word' id='word_1_120' title='bbox 161 1332 300 1372; x_wconf 82' lang='lat' dir='ltr'>Radix</span> <span class='ocrx_word' id='word_1_121' title='bbox 328 1345 511 1384; x_wconf 89' lang='lat' dir='ltr'>repens,</span> <span class='ocrx_word' id='word_1_122' title='bbox 543 1329 663 1370; x_wconf 87' lang='lat' dir='ltr'>fibris</span> <span class='ocrx_word' id='word_1_123' title='bbox 695 1330 799 1371; x_wconf 90' lang='lat' dir='ltr'>albis</span> <span class='ocrx_word' id='word_1_124' title='bbox 831 1331 992 1386; x_wconf 78' lang='lat' dir='ltr'>glabris</span> <span class='ocrx_word' id='word_1_125' title='bbox 1014 1332 1236 1386; x_wconf 19' lang='lat' dir='ltr'>trigidulis.</span> <span class='ocrx_word' id='word_1_126' title='bbox 1300 1333 1440 1374; x_wconf 88' lang='lat' dir='ltr'>Culmi</span> <span class='ocrx_word' id='word_1_127' title='bbox 1462 1335 1559 1389; x_wconf 87' lang='lat' dir='ltr'>plu-</span> 
     </span>
     <span class='ocr_line' id='line_1_19' title="bbox 50 1386 1559 1442; baseline 0.001 -14"><span class='ocrx_word' id='word_1_128' title='bbox 50 1400 145 1437; x_wconf 85' lang='lat' dir='ltr'>res,</span> <span class='ocrx_word' id='word_1_129' title='bbox 190 1400 355 1441; x_wconf 81' lang='lat' dir='ltr'>pennae</span> <span class='ocrx_word' id='word_1_130' title='bbox 400 1387 660 1442; x_wconf 83' lang='lat' dir='ltr'>gallinaccae</span> <span class='ocrx_word' id='word_1_131' title='bbox 706 1389 923 1435; x_wconf 84' lang='lat' dir='ltr'>crassitie,</span> <span class='ocrx_word' id='word_1_132' title='bbox 970 1386 1364 1442; x_wconf 62' lang='lat' dir='ltr'>i{--2-pedales,</span> <span class='ocrx_word' id='word_1_133' title='bbox 1407 1391 1559 1440; x_wconf 82' lang='lat' dir='ltr'>erecti,</span> 
     </span>
     <span class='ocr_line' id='line_1_20' title="bbox 51 1443 1562 1496; baseline 0.001 -13"><span class='ocrx_word' id='word_1_134' title='bbox 51 1444 213 1492; x_wconf 80' lang='lat' dir='ltr'>striati,</span> <span class='ocrx_word' id='word_1_135' title='bbox 258 1443 382 1483; x_wconf 89' lang='lat' dir='ltr'>nodis</span> <span class='ocrx_word' id='word_1_136' title='bbox 427 1444 620 1496; x_wconf 88' lang='lat' dir='ltr'>pluribus</span> <span class='ocrx_word' id='word_1_137' title='bbox 652 1444 897 1484; x_wconf 76' lang='lat' dir='ltr'>incrassatis</span> <span class='ocrx_word' id='word_1_138' title='bbox 927 1444 1191 1485; x_wconf 87' lang='lat' dir='ltr'>interstincti</span> <span class='ocrx_word' id='word_1_139' title='bbox 1224 1455 1265 1485; x_wconf 85' lang='lat' dir='ltr'>et</span> <span class='ocrx_word' id='word_1_140' title='bbox 1299 1460 1349 1485; x_wconf 83' lang='lat' dir='ltr'>ex</span> <span class='ocrx_word' id='word_1_141' title='bbox 1380 1447 1562 1486; x_wconf 83' lang='lat' dir='ltr'>inferio·</span> 
     </span>
     <span class='ocr_line' id='line_1_21' title="bbox 51 1499 1558 1551; baseline 0.002 -12"><span class='ocrx_word' id='word_1_142' title='bbox 51 1500 172 1539; x_wconf 85' lang='lat' dir='ltr'>ribus</span> <span class='ocrx_word' id='word_1_143' title='bbox 202 1500 325 1540; x_wconf 89' lang='lat' dir='ltr'>nodis</span> <span class='ocrx_word' id='word_1_144' title='bbox 356 1500 520 1539; x_wconf 84' lang='lat' dir='ltr'>radices</span> <span class='ocrx_word' id='word_1_145' title='bbox 553 1500 853 1549; x_wconf 82' lang='lat' dir='ltr'>demittentes3</span> <span class='ocrx_word' id='word_1_146' title='bbox 884 1499 1084 1548; x_wconf 77' lang='lat' dir='ltr'>flexuosi,</span> <span class='ocrx_word' id='word_1_147' title='bbox 1126 1516 1146 1540; x_wconf 90' lang='lat' dir='ltr'>a</span> <span class='ocrx_word' id='word_1_148' title='bbox 1179 1503 1269 1541; x_wconf 76' lang='lat' dir='ltr'>basi</span> <span class='ocrx_word' id='word_1_149' title='bbox 1302 1503 1558 1551; x_wconf 80' lang='lat' dir='ltr'>dichotomi,</span> 
     </span>
     <span class='ocr_line' id='line_1_22' title="bbox 52 1555 1562 1609; baseline 0.001 -14"><span class='ocrx_word' id='word_1_150' title='bbox 52 1555 224 1595; x_wconf 86' lang='lat' dir='ltr'>inferne</span> <span class='ocrx_word' id='word_1_151' title='bbox 268 1568 361 1594; x_wconf 87' lang='lat' dir='ltr'>cum</span> <span class='ocrx_word' id='word_1_152' title='bbox 405 1556 566 1609; x_wconf 85' lang='lat' dir='ltr'>vaginis</span> <span class='ocrx_word' id='word_1_153' title='bbox 606 1556 901 1608; x_wconf 76' lang='lat' dir='ltr'>amethystini3</span> <span class='ocrx_word' id='word_1_154' title='bbox 952 1558 1198 1597; x_wconf 77' lang='lat' dir='ltr'>internodia</span> <span class='ocrx_word' id='word_1_155' title='bbox 1247 1558 1370 1597; x_wconf 84' lang='lat' dir='ltr'>basin</span> <span class='ocrx_word' id='word_1_156' title='bbox 1414 1573 1562 1599; x_wconf 83' lang='lat' dir='ltr'>versus</span> 
     </span>
     <span class='ocr_line' id='line_1_23' title="bbox 53 1611 1564 1667; baseline 0.004 -18"><span class='ocrx_word' id='word_1_157' title='bbox 53 1611 222 1666; x_wconf 84' lang='lat' dir='ltr'>glabra,</span> <span class='ocrx_word' id='word_1_158' title='bbox 273 1625 480 1664; x_wconf 86' lang='lat' dir='ltr'>superne,</span> <span class='ocrx_word' id='word_1_159' title='bbox 532 1621 577 1651; x_wconf 87' lang='lat' dir='ltr'>ut</span> <span class='ocrx_word' id='word_1_160' title='bbox 619 1613 750 1659; x_wconf 86' lang='lat' dir='ltr'>nodi,</span> <span class='ocrx_word' id='word_1_161' title='bbox 795 1613 1093 1665; x_wconf 85' lang='lat' dir='ltr'>pubescentia.</span> <span class='ocrx_word' id='word_1_162' title='bbox 1160 1614 1351 1667; x_wconf 73' lang='lat' dir='ltr'>vaginae</span> <span class='ocrx_word' id='word_1_163' title='bbox 1394 1614 1564 1655; x_wconf 80' lang='lat' dir='ltr'>infimae</span> 
     </span>
     <span class='ocr_line' id='line_1_24' title="bbox 52 1667 1566 1722; baseline 0.003 -15"><span class='ocrx_word' id='word_1_164' title='bbox 52 1667 314 1713; x_wconf 84' lang='lat' dir='ltr'>emarcidae,</span> <span class='ocrx_word' id='word_1_165' title='bbox 347 1668 539 1722; x_wconf 84' lang='lat' dir='ltr'>reliquae</span> <span class='ocrx_word' id='word_1_166' title='bbox 561 1682 735 1716; x_wconf 88' lang='lat' dir='ltr'>omnes,</span> <span class='ocrx_word' id='word_1_167' title='bbox 771 1677 948 1721; x_wconf 81' lang='lat' dir='ltr'>excepta</span> <span class='ocrx_word' id='word_1_168' title='bbox 979 1669 1148 1718; x_wconf 83' lang='lat' dir='ltr'>ultima,</span> <span class='ocrx_word' id='word_1_169' title='bbox 1181 1670 1440 1709; x_wconf 83' lang='lat' dir='ltr'>internodiis</span> <span class='ocrx_word' id='word_1_170' title='bbox 1465 1671 1566 1711; x_wconf 83' lang='lat' dir='ltr'>bre·-</span> 
     </span>
     <span class='ocr_line' id='line_1_25' title="bbox 52 1722 1565 1781; baseline 0.003 -19"><span class='ocrx_word' id='word_1_171' title='bbox 52 1724 199 1763; x_wconf 77' lang='lat' dir='ltr'>viores</span> <span class='ocrx_word' id='word_1_172' title='bbox 223 1732 261 1762; x_wconf 90' lang='lat' dir='ltr'>et</span> <span class='ocrx_word' id='word_1_173' title='bbox 280 1722 510 1763; x_wconf 76' lang='lat' dir='ltr'>inferiores</span> <span class='ocrx_word' id='word_1_174' title='bbox 527 1724 698 1778; x_wconf 87' lang='lat' dir='ltr'>quidem</span> <span class='ocrx_word' id='word_1_175' title='bbox 725 1725 963 1778; x_wconf 85' lang='lat' dir='ltr'>quadruplo</span> <span class='ocrx_word' id='word_1_176' title='bbox 983 1726 1183 1773; x_wconf 85' lang='lat' dir='ltr'>minores,</span> <span class='ocrx_word' id='word_1_177' title='bbox 1217 1727 1466 1779; x_wconf 87' lang='lat' dir='ltr'>superiores</span> <span class='ocrx_word' id='word_1_178' title='bbox 1490 1742 1565 1781; x_wconf 87' lang='lat' dir='ltr'>pa-</span> 
     </span>
     <span class='ocr_line' id='line_1_26' title="bbox 52 1779 1564 1834; baseline 0.003 -15"><span class='ocrx_word' id='word_1_179' title='bbox 52 1793 148 1819; x_wconf 88' lang='lat' dir='ltr'>rum</span> <span class='ocrx_word' id='word_1_180' title='bbox 180 1779 449 1832; x_wconf 85' lang='lat' dir='ltr'>inaequales,</span> <span class='ocrx_word' id='word_1_181' title='bbox 482 1794 628 1819; x_wconf 84' lang='lat' dir='ltr'>omncs</span> <span class='ocrx_word' id='word_1_182' title='bbox 659 1780 937 1829; x_wconf 80' lang='lat' dir='ltr'>convolutae,</span> <span class='ocrx_word' id='word_1_183' title='bbox 982 1790 1149 1831; x_wconf 80' lang='lat' dir='ltr'>arctae,</span> <span class='ocrx_word' id='word_1_184' title='bbox 1193 1783 1408 1834; x_wconf 82' lang='lat' dir='ltr'>profunde</span> <span class='ocrx_word' id='word_1_185' title='bbox 1438 1784 1564 1823; x_wconf 81' lang='lat' dir='ltr'>stria-</span> 
     </span>
     <span class='ocr_line' id='line_1_27' title="bbox 51 1834 1564 1892; baseline 0.004 -18"><span class='ocrx_word' id='word_1_186' title='bbox 51 1844 145 1878; x_wconf 74' lang='lat' dir='ltr'>tae,</span> <span class='ocrx_word' id='word_1_187' title='bbox 175 1834 382 1888; x_wconf 87' lang='lat' dir='ltr'>juveniles</span> <span class='ocrx_word' id='word_1_188' title='bbox 415 1835 730 1888; x_wconf 74' lang='lat' dir='ltr'>pubescenteS,</span> <span class='ocrx_word' id='word_1_189' title='bbox 762 1846 899 1876; x_wconf 82' lang='lat' dir='ltr'>aetate</span> <span class='ocrx_word' id='word_1_190' title='bbox 932 1837 1128 1889; x_wconf 81' lang='lat' dir='ltr'>glabrae,</span> <span class='ocrx_word' id='word_1_191' title='bbox 1173 1839 1249 1877; x_wconf 88' lang='lat' dir='ltr'>sed</span> <span class='ocrx_word' id='word_1_192' title='bbox 1282 1853 1453 1892; x_wconf 87' lang='lat' dir='ltr'>semper</span> <span class='ocrx_word' id='word_1_193' title='bbox 1485 1839 1564 1880; x_wconf 82' lang='lat' dir='ltr'>suh</span> 
     </span>
     <span class='ocr_line' id='line_1_28' title="bbox 54 1891 1562 1946; baseline 0.003 -16"><span class='ocrx_word' id='word_1_194' title='bbox 54 1891 166 1930; x_wconf 80' lang='lat' dir='ltr'>folio</span> <span class='ocrx_word' id='word_1_195' title='bbox 206 1892 629 1943; x_wconf 84' lang='lat' dir='ltr'>appresso-villosae</span> <span class='ocrx_word' id='word_1_196' title='bbox 674 1901 716 1931; x_wconf 84' lang='lat' dir='ltr'>et</span> <span class='ocrx_word' id='word_1_197' title='bbox 756 1892 798 1930; x_wconf 89' lang='lat' dir='ltr'>in</span> <span class='ocrx_word' id='word_1_198' title='bbox 842 1894 1033 1946; x_wconf 82' lang='lat' dir='ltr'>margine</span> <span class='ocrx_word' id='word_1_199' title='bbox 1064 1895 1344 1946; x_wconf 76' lang='lat' dir='ltr'>supervoluto</span> <span class='ocrx_word' id='word_1_200' title='bbox 1376 1896 1562 1936; x_wconf 80' lang='lat' dir='ltr'>ciliatae.</span> 
     </span>
     <span class='ocr_line' id='line_1_29' title="bbox 53 1946 1564 2004; baseline 0.003 -18"><span class='ocrx_word' id='word_1_201' title='bbox 53 1946 204 2001; x_wconf 83' lang='lat' dir='ltr'>Ligula</span> <span class='ocrx_word' id='word_1_202' title='bbox 234 1946 510 1993; x_wconf 82' lang='lat' dir='ltr'>brevissima,</span> <span class='ocrx_word' id='word_1_203' title='bbox 554 1950 833 1987; x_wconf 79' lang='lat' dir='ltr'>transversim</span> <span class='ocrx_word' id='word_1_204' title='bbox 860 1950 1036 1989; x_wconf 78' lang='lat' dir='ltr'>linearis</span> <span class='ocrx_word' id='word_1_205' title='bbox 1057 1979 1067 1997; x_wconf 87' lang='lat'>,</span> <span class='ocrx_word' id='word_1_206' title='bbox 1100 1950 1404 2004; x_wconf 81' lang='lat' dir='ltr'>integerrima,</span> <span class='ocrx_word' id='word_1_207' title='bbox 1437 1953 1564 1992; x_wconf 83' lang='lat' dir='ltr'>nuda.</span> 
     </span>
     <span class='ocr_line' id='line_1_30' title="bbox 54 2002 1565 2058; baseline 0.003 -15"><span class='ocrx_word' id='word_1_208' title='bbox 54 2003 178 2043; x_wconf 88' lang='lat' dir='ltr'>Folia</span> <span class='ocrx_word' id='word_1_209' title='bbox 209 2002 585 2056; x_wconf 52' lang='lat' dir='ltr'>3—32-pollices</span> <span class='ocrx_word' id='word_1_210' title='bbox 617 2005 766 2058; x_wconf 79' lang='lat' dir='ltr'>longa,</span> <span class='ocrx_word' id='word_1_211' title='bbox 798 2012 924 2056; x_wconf 69' lang='lat' dir='ltr'>7—ss</span> <span class='ocrx_word' id='word_1_212' title='bbox 958 2005 1091 2045; x_wconf 90' lang='lat' dir='ltr'>lineas</span> <span class='ocrx_word' id='word_1_213' title='bbox 1121 2007 1224 2055; x_wconf 82' lang='lat' dir='ltr'>lata,</span> <span class='ocrx_word' id='word_1_214' title='bbox 1258 2006 1400 2052; x_wconf 84' lang='lat' dir='ltr'>infima</span> <span class='ocrx_word' id='word_1_215' title='bbox 1424 2018 1565 2048; x_wconf 85' lang='lat' dir='ltr'>autem</span> 
     </span>
     <span class='ocr_line' id='line_1_31' title="bbox 54 2059 1565 2114; baseline 0.004 -15"><span class='ocrx_word' id='word_1_216' title='bbox 54 2059 127 2100; x_wconf 70' lang='lat' dir='ltr'>vix</span> <span class='ocrx_word' id='word_1_217' title='bbox 158 2059 513 2111; x_wconf 75' lang='lat' dir='ltr'>semipollicaria‚</span> <span class='ocrx_word' id='word_1_218' title='bbox 552 2060 690 2098; x_wconf 84' lang='lat' dir='ltr'>media</span> <span class='ocrx_word' id='word_1_219' title='bbox 732 2074 826 2099; x_wconf 88' lang='lat' dir='ltr'>cum</span> <span class='ocrx_word' id='word_1_220' title='bbox 858 2061 1021 2114; x_wconf 80' lang='lat' dir='ltr'>vaginis</span> <span class='ocrx_word' id='word_1_221' title='bbox 1052 2062 1139 2101; x_wconf 90' lang='lat' dir='ltr'>suis</span> <span class='ocrx_word' id='word_1_222' title='bbox 1170 2063 1463 2104; x_wconf 83' lang='lat' dir='ltr'>internodium</span> <span class='ocrx_word' id='word_1_223' title='bbox 1494 2079 1565 2105; x_wconf 80' lang='lat' dir='ltr'>ae-</span> 
     </span>
     <span class='ocr_line' id='line_1_32' title="bbox 56 2115 1564 2174; baseline 0.005 -21"><span class='ocrx_word' id='word_1_224' title='bbox 56 2115 254 2170; x_wconf 85' lang='lat' dir='ltr'>quantia,</span> <span class='ocrx_word' id='word_1_225' title='bbox 285 2116 498 2168; x_wconf 79' lang='lat' dir='ltr'>patentia,</span> <span class='ocrx_word' id='word_1_226' title='bbox 532 2116 735 2169; x_wconf 78' lang='lat' dir='ltr'>oblonga,</span> <span class='ocrx_word' id='word_1_227' title='bbox 782 2119 1045 2166; x_wconf 84' lang='lat' dir='ltr'>acuminata,</span> <span class='ocrx_word' id='word_1_228' title='bbox 1091 2118 1182 2158; x_wconf 86' lang='lat' dir='ltr'>basi</span> <span class='ocrx_word' id='word_1_229' title='bbox 1214 2120 1389 2174; x_wconf 82' lang='lat' dir='ltr'>obliqua</span> <span class='ocrx_word' id='word_1_230' title='bbox 1421 2130 1463 2159; x_wconf 79' lang='lat' dir='ltr'>et</span> <span class='ocrx_word' id='word_1_231' title='bbox 1492 2134 1564 2161; x_wconf 87' lang='lat' dir='ltr'>ro-</span> 
     </span>
     <span class='ocr_line' id='line_1_33' title="bbox 56 2172 1568 2229; baseline 0.003 -18"><span class='ocrx_word' id='word_1_232' title='bbox 56 2172 254 2217; x_wconf 84' lang='lat' dir='ltr'>tundata,</span> <span class='ocrx_word' id='word_1_233' title='bbox 304 2173 497 2225; x_wconf 81' lang='lat' dir='ltr'>margine</span> <span class='ocrx_word' id='word_1_234' title='bbox 529 2172 811 2220; x_wconf 81' lang='lat' dir='ltr'>scaberrima,</span> <span class='ocrx_word' id='word_1_235' title='bbox 843 2174 1220 2224; x_wconf 79' lang='lat' dir='ltr'>undecimnervia,</span> <span class='ocrx_word' id='word_1_236' title='bbox 1265 2191 1391 2229; x_wconf 87' lang='lat' dir='ltr'>supra</span> <span class='ocrx_word' id='word_1_237' title='bbox 1421 2177 1568 2217; x_wconf 72' lang='lat' dir='ltr'>striata</span> 
     </span>
     <span class='ocr_line' id='line_1_34' title="bbox 59 2227 1568 2284; baseline 0.002 -16"><span class='ocrx_word' id='word_1_238' title='bbox 59 2227 240 2280; x_wconf 80' lang='lat' dir='ltr'>sparsim</span> <span class='ocrx_word' id='word_1_239' title='bbox 269 2227 435 2278; x_wconf 82' lang='lat' dir='ltr'>pilosa,</span> <span class='ocrx_word' id='word_1_240' title='bbox 469 2228 512 2266; x_wconf 91' lang='lat' dir='ltr'>in</span> <span class='ocrx_word' id='word_1_241' title='bbox 547 2228 706 2268; x_wconf 77' lang='lat' dir='ltr'>ambitu</span> <span class='ocrx_word' id='word_1_242' title='bbox 736 2242 838 2269; x_wconf 84' lang='lat' dir='ltr'>vero</span> <span class='ocrx_word' id='word_1_243' title='bbox 869 2239 913 2268; x_wconf 89' lang='lat' dir='ltr'>et</span> <span class='ocrx_word' id='word_1_244' title='bbox 952 2231 1004 2270; x_wconf 85' lang='lat' dir='ltr'>ad</span> <span class='ocrx_word' id='word_1_245' title='bbox 1045 2231 1218 2284; x_wconf 75' lang='lat' dir='ltr'>ligulam</span> <span class='ocrx_word' id='word_1_246' title='bbox 1256 2232 1388 2271; x_wconf 72' lang='lat' dir='ltr'>dense</span> <span class='ocrx_word' id='word_1_247' title='bbox 1427 2234 1568 2271; x_wconf 86' lang='lat' dir='ltr'>minu-</span> 
     </span>
     <span class='ocr_line' id='line_1_35' title="bbox 59 2283 1570 2342; baseline 0.005 -20"><span class='ocrx_word' id='word_1_248' title='bbox 59 2284 220 2337; x_wconf 77' lang='lat' dir='ltr'>timque</span> <span class='ocrx_word' id='word_1_249' title='bbox 254 2283 558 2335; x_wconf 85' lang='lat' dir='ltr'>pubescentia,</span> <span class='ocrx_word' id='word_1_250' title='bbox 590 2284 703 2338; x_wconf 85' lang='lat' dir='ltr'>pube</span> <span class='ocrx_word' id='word_1_251' title='bbox 738 2299 971 2338; x_wconf 85' lang='lat' dir='ltr'>appressa,</span> <span class='ocrx_word' id='word_1_252' title='bbox 1013 2287 1160 2327; x_wconf 81' lang='lat' dir='ltr'>subtus</span> <span class='ocrx_word' id='word_1_253' title='bbox 1206 2289 1370 2328; x_wconf 89' lang='lat' dir='ltr'>minute</span> <span class='ocrx_word' id='word_1_254' title='bbox 1413 2289 1570 2342; x_wconf 85' lang='lat' dir='ltr'>pubes-</span> 
     </span>
     <span class='ocr_line' id='line_1_36' title="bbox 58 2341 924 2394; baseline 0 -14"><span class='ocrx_word' id='word_1_255' title='bbox 58 2341 197 2380; x_wconf 86' lang='lat' dir='ltr'>centia</span> <span class='ocrx_word' id='word_1_256' title='bbox 228 2341 372 2378; x_wconf 79' lang='lat' dir='ltr'>nervis</span> <span class='ocrx_word' id='word_1_257' title='bbox 402 2341 473 2379; x_wconf 90' lang='lat' dir='ltr'>bic</span> <span class='ocrx_word' id='word_1_258' title='bbox 504 2342 636 2393; x_wconf 81' lang='lat' dir='ltr'>magis</span> <span class='ocrx_word' id='word_1_259' title='bbox 668 2343 924 2394; x_wconf 85' lang='lat' dir='ltr'>conspicuis.</span> 
     </span>
    </p>

    <p class='ocr_par' dir='ltr' id='par_1_7' title="bbox 59 2411 1576 2973">
     <span class='ocr_line' id='line_1_37' title="bbox 172 2411 1569 2469; baseline 0.004 -19"><span class='ocrx_word' id='word_1_260' title='bbox 172 2413 381 2450; x_wconf 85' lang='lat' dir='ltr'>Bacemus</span> <span class='ocrx_word' id='word_1_261' title='bbox 404 2411 642 2450; x_wconf 87' lang='lat' dir='ltr'>terminalis</span> <span class='ocrx_word' id='word_1_262' title='bbox 667 2411 987 2466; x_wconf 85' lang='lat' dir='ltr'>decompositus</span> <span class='ocrx_word' id='word_1_263' title='bbox 1005 2441 1014 2459; x_wconf 89' lang='lat'>‚</span> <span class='ocrx_word' id='word_1_264' title='bbox 1044 2414 1173 2467; x_wconf 84' lang='lat'>7——8</span> <span class='ocrx_word' id='word_1_265' title='bbox 1195 2415 1378 2467; x_wconf 90' lang='lat' dir='ltr'>pollices</span> <span class='ocrx_word' id='word_1_266' title='bbox 1399 2415 1569 2469; x_wconf 80' lang='lat' dir='ltr'>longus,</span> 
     </span>
     <span class='ocr_line' id='line_1_38' title="bbox 63 2467 1573 2521; baseline 0.002 -14"><span class='ocrx_word' id='word_1_267' title='bbox 63 2479 88 2507; x_wconf 76' lang='lat' dir='ltr'>e</span> <span class='ocrx_word' id='word_1_268' title='bbox 119 2467 308 2518; x_wconf 86' lang='lat' dir='ltr'>supremi</span> <span class='ocrx_word' id='word_1_269' title='bbox 334 2467 427 2505; x_wconf 84' lang='lat' dir='ltr'>folii</span> <span class='ocrx_word' id='word_1_270' title='bbox 456 2467 605 2520; x_wconf 77' lang='lat' dir='ltr'>vagina</span> <span class='ocrx_word' id='word_1_271' title='bbox 635 2482 781 2520; x_wconf 86' lang='lat' dir='ltr'>parum</span> <span class='ocrx_word' id='word_1_272' title='bbox 821 2483 1070 2521; x_wconf 73' lang='lat' dir='ltr'>emergens,</span> <span class='ocrx_word' id='word_1_273' title='bbox 1114 2481 1304 2519; x_wconf 80' lang='lat' dir='ltr'>erectus,</span> <span class='ocrx_word' id='word_1_274' title='bbox 1353 2472 1481 2510; x_wconf 87' lang='lat' dir='ltr'>ramis</span> <span class='ocrx_word' id='word_1_275' title='bbox 1505 2486 1573 2511; x_wconf 83' lang='lat' dir='ltr'>ra-</span> 
     </span>
     <span class='ocr_line' id='line_1_39' title="bbox 67 2523 1574 2581; baseline 0.004 -19"><span class='ocrx_word' id='word_1_276' title='bbox 67 2523 192 2562; x_wconf 76' lang='lat' dir='ltr'>mulis</span> <span class='ocrx_word' id='word_1_277' title='bbox 221 2523 532 2575; x_wconf 79' lang='lat' dir='ltr'>pediccllisque</span> <span class='ocrx_word' id='word_1_278' title='bbox 565 2525 721 2563; x_wconf 78' lang='lat' dir='ltr'>erectis</span> <span class='ocrx_word' id='word_1_279' title='bbox 747 2525 1042 2577; x_wconf 82' lang='lat' dir='ltr'>subappressis</span> <span class='ocrx_word' id='word_1_280' title='bbox 1068 2527 1229 2566; x_wconf 83' lang='lat' dir='ltr'>scabris</span> <span class='ocrx_word' id='word_1_281' title='bbox 1256 2527 1574 2581; x_wconf 74' lang='lat' dir='ltr'>glabriusculis,</span> 
     </span>
     <span class='ocr_line' id='line_1_40' title="bbox 70 2579 1575 2630; baseline 0.005 -14"><span class='ocrx_word' id='word_1_282' title='bbox 70 2579 264 2630; x_wconf 79' lang='lat' dir='ltr'>junctura</span> <span class='ocrx_word' id='word_1_283' title='bbox 294 2593 508 2617; x_wconf 86' lang='lat' dir='ltr'>ramorum</span> <span class='ocrx_word' id='word_1_284' title='bbox 539 2580 742 2619; x_wconf 81' lang='lat' dir='ltr'>brevibus</span> <span class='ocrx_word' id='word_1_285' title='bbox 772 2581 919 2621; x_wconf 85' lang='lat' dir='ltr'>setulis</span> <span class='ocrx_word' id='word_1_286' title='bbox 945 2581 1130 2621; x_wconf 82' lang='lat' dir='ltr'>barbata.</span> <span class='ocrx_word' id='word_1_287' title='bbox 1189 2583 1377 2622; x_wconf 79' lang='lat' dir='ltr'>Rhacbis</span> <span class='ocrx_word' id='word_1_288' title='bbox 1406 2583 1575 2623; x_wconf 71' lang='lat' dir='ltr'>inferno</span> 
     </span>
     <span class='ocr_line' id='line_1_41' title="bbox 66 2636 1576 2693; baseline 0.004 -19"><span class='ocrx_word' id='word_1_289' title='bbox 66 2648 336 2688; x_wconf 86' lang='lat' dir='ltr'>compressa,</span> <span class='ocrx_word' id='word_1_290' title='bbox 370 2649 555 2688; x_wconf 86' lang='lat' dir='ltr'>superne</span> <span class='ocrx_word' id='word_1_291' title='bbox 579 2636 795 2689; x_wconf 78' lang='lat' dir='ltr'>angulata3</span> <span class='ocrx_word' id='word_1_292' title='bbox 826 2637 933 2677; x_wconf 85' lang='lat' dir='ltr'>rami</span> <span class='ocrx_word' id='word_1_293' title='bbox 971 2639 1232 2691; x_wconf 86' lang='lat' dir='ltr'>compressi,</span> <span class='ocrx_word' id='word_1_294' title='bbox 1264 2641 1423 2691; x_wconf 63' lang='lat'>4—4{</span> <span class='ocrx_word' id='word_1_295' title='bbox 1446 2640 1576 2693; x_wconf 81' lang='lat' dir='ltr'>polli-</span> 
     </span>
     <span class='ocr_line' id='line_1_42' title="bbox 69 2691 1575 2749; baseline 0.005 -19"><span class='ocrx_word' id='word_1_296' title='bbox 69 2703 140 2730; x_wconf 85' lang='lat' dir='ltr'>ces</span> <span class='ocrx_word' id='word_1_297' title='bbox 170 2691 314 2744; x_wconf 84' lang='lat' dir='ltr'>longi,</span> <span class='ocrx_word' id='word_1_298' title='bbox 345 2700 391 2730; x_wconf 81' lang='lat' dir='ltr'>ut</span> <span class='ocrx_word' id='word_1_299' title='bbox 417 2692 548 2730; x_wconf 87' lang='lat' dir='ltr'>medii</span> <span class='ocrx_word' id='word_1_300' title='bbox 573 2694 736 2744; x_wconf 86' lang='lat' dir='ltr'>apicem</span> <span class='ocrx_word' id='word_1_301' title='bbox 759 2693 853 2733; x_wconf 82' lang='lat' dir='ltr'>sere</span> <span class='ocrx_word' id='word_1_302' title='bbox 880 2695 1041 2733; x_wconf 84' lang='lat' dir='ltr'>racemi</span> <span class='ocrx_word' id='word_1_303' title='bbox 1064 2695 1294 2749; x_wconf 79' lang='lat' dir='ltr'>attingant,</span> <span class='ocrx_word' id='word_1_304' title='bbox 1328 2709 1575 2737; x_wconf 85' lang='lat' dir='ltr'>racemoso—</span> 
     </span>
     <span class='ocr_line' id='line_1_43' title="bbox 67 2747 1573 2806; baseline 0.006 -21"><span class='ocrx_word' id='word_1_305' title='bbox 67 2747 320 2800; x_wconf 80' lang='lat' dir='ltr'>compositi,</span> <span class='ocrx_word' id='word_1_306' title='bbox 365 2748 590 2787; x_wconf 87' lang='lat' dir='ltr'>racemulis</span> <span class='ocrx_word' id='word_1_307' title='bbox 630 2749 844 2801; x_wconf 77' lang='lat' dir='ltr'>appressis</span> <span class='ocrx_word' id='word_1_308' title='bbox 886 2748 1178 2790; x_wconf 77' lang='lat' dir='ltr'>3—6-ssoris</span> <span class='ocrx_word' id='word_1_309' title='bbox 1218 2750 1450 2799; x_wconf 83' lang='lat' dir='ltr'>flexuosis,</span> <span class='ocrx_word' id='word_1_310' title='bbox 1495 2765 1573 2806; x_wconf 70' lang='lat' dir='ltr'>pe·</span> 
     </span>
     <span class='ocr_line' id='line_1_44' title="bbox 59 2801 1571 2859; baseline 0.005 -18"><span class='ocrx_word' id='word_1_311' title='bbox 59 2802 259 2855; x_wconf 51' lang='lat' dir='ltr'>xdunculis</span> <span class='ocrx_word' id='word_1_312' title='bbox 291 2801 575 2843; x_wconf 81' lang='lat' dir='ltr'>inferioribus</span> <span class='ocrx_word' id='word_1_313' title='bbox 606 2803 798 2853; x_wconf 89' lang='lat' dir='ltr'>bissoris,</span> <span class='ocrx_word' id='word_1_314' title='bbox 832 2806 1130 2859; x_wconf 87' lang='lat' dir='ltr'>superioribus</span> <span class='ocrx_word' id='word_1_315' title='bbox 1161 2806 1380 2854; x_wconf 89' lang='lat' dir='ltr'>unissoris,</span> <span class='ocrx_word' id='word_1_316' title='bbox 1412 2807 1571 2848; x_wconf 82' lang='lat' dir='ltr'>lineam</span> 
     </span>
     <span class='ocr_line' id='line_1_45' title="bbox 65 2859 1571 2918; baseline 0.007 -24"><span class='ocrx_word' id='word_1_317' title='bbox 65 2859 134 2899; x_wconf 88' lang='lat' dir='ltr'>vel</span> <span class='ocrx_word' id='word_1_318' title='bbox 164 2859 489 2913; x_wconf 84' lang='lat' dir='ltr'>sesquialteram</span> <span class='ocrx_word' id='word_1_319' title='bbox 526 2860 669 2914; x_wconf 76' lang='lat' dir='ltr'>longis</span> <span class='ocrx_word' id='word_1_320' title='bbox 706 2862 1027 2902; x_wconf 85' lang='lat' dir='ltr'>remotiusculis</span> <span class='ocrx_word' id='word_1_321' title='bbox 1066 2863 1311 2916; x_wconf 80' lang='lat' dir='ltr'>gracilibus.</span> <span class='ocrx_word' id='word_1_322' title='bbox 1371 2864 1571 2918; x_wconf 57' lang='lat' dir='ltr'>Spiculum</span> 
     </span>
     <span class='ocr_line' id='line_1_46' title="bbox 69 2915 1571 2973; baseline 0.006 -20"><span class='ocrx_word' id='word_1_323' title='bbox 69 2915 231 2956; x_wconf 71' lang='lat' dir='ltr'>nemine</span> <span class='ocrx_word' id='word_1_324' title='bbox 261 2915 469 2970; x_wconf 78' lang='lat' dir='ltr'>Sinapeos</span> <span class='ocrx_word' id='word_1_325' title='bbox 499 2916 712 2970; x_wconf 79' lang='lat' dir='ltr'>minores,</span> <span class='ocrx_word' id='word_1_326' title='bbox 755 2917 989 2971; x_wconf 68' lang='lat' dir='ltr'>eboratae,</span> <span class='ocrx_word' id='word_1_327' title='bbox 1030 2918 1240 2973; x_wconf 77' lang='lat' dir='ltr'>obtusae,</span> <span class='ocrx_word' id='word_1_328' title='bbox 1284 2928 1571 2962; x_wconf 65' lang='lat' dir='ltr'>erecto-eer-</span> 
     </span>
    </p>
   </div>
  </div>
 </body>
</html>
