1788 3183
316 168 598 209 Gnamxmn.
669 161 829 209 me-
887 160 1268 205 cinimionosns.
1467 166 1550 211 401

36 289 206 347 positae
221 316 232 338 ‚
282 287 323 332 V
337 286 376 327 il
389 286 440 327 fa
454 299 478 328 e
530 284 850 340 virginicae
910 282 1090 337 spiculis
1129 283 1323 324 minores
1341 312 1352 332 ‚
1413 286 1549 341 magis

34 346 212 390 nitidae.

149 415 215 457 Ab
256 411 487 466 Agrosti
524 409 774 452 tremula
821 409 938 450 Lin.
986 409 1057 451 vix
1105 408 1280 459 differt,
1335 410 1421 450 nisi
1459 412 1551 468 glu-

37 487 201 516 marum
231 471 284 510 ad
305 468 532 509 flosculum
557 468 741 507 ratione.
797 467 865 507 An
886 467 1031 522 itaque
1052 465 1177 519 hujus
1201 467 1299 508 Var.
1313 465 1333 506 ἓ)

154 545 220 584 An
251 540 375 593 hujus
411 537 782 593 lociAgrostis
811 551 1065 593 pungens
1095 536 1395 589 Mflhlenh.,
1423 539 1553 583 modo

36 599 90 643 ad
115 599 306 656 priorem
335 595 497 637 citata?

487 713 602 748 xm.
653 711 1096 749 CALAMAGROSTIS.

208 812 342 857 Roth.
377 810 500 853 Trin.
528 811 601 853 De
633 810 682 855 C.
714 810 885 853 Adam.
907 795 1058 852 Diosc.
1092 808 1213 852 Trin.
1249 811 1397 853 Gram.
1427 812 1557 869 unifl.

210 879 252 912 et
278 867 471 925 sesquifl.
496 884 542 924 p.
582 869 675 910 133.

155 957 357 1006 mundo,
403 954 525 996 Trin.
554 952 770 995 Fundam.
794 952 1059 1008 Agrostogr.

160 1042 492 1098 Calamagrostis
516 1050 559 1081 et
579 1040 825 1094 Deyemda,
873 1037 992 1079 Clar.
1031 1037 1131 1080 Pal.
1164 1039 1217 1079 de
1242 1038 1411 1083 Beauv.
1442 1042 1560 1098 Agr.

212 1116 259 1155 p.
293 1101 340 1140 15
363 1105 403 1138 et
432 1097 505 1153 43·.
536 1104 567 1137 t.
606 1093 720 1152 V.s.
747 1110 773 1151 q
800 1102 841 1136 et
872 1102 904 1135 t.
935 1092 1092 1150 IX.f.
1126 1110 1152 1150 9
1184 1103 1225 1137 et
1258 1111 1318 1139 io.
1349 1096 1405 1138 H.
1438 1106 1477 1139 et
1504 1097 1562 1143 R.

216 1155 274 1198 R.
297 1162 337 1194 et
364 1152 460 1194 Sch.
488 1151 586 1208 Spr.

162 1239 401 1284 Arundinis
432 1251 572 1292 spem,
602 1235 709 1281 Lin.
736 1235 849 1278 Juss.

156 1327 355 1383 Agrostis
386 1338 533 1379 spec.‚
578 1322 768 1379 Raspail
806 1323 868 1375 (et
892 1320 949 1365 R.
980 1329 1021 1363 et
1051 1321 1176 1375 sch.)

188 1413 390 1478 Spicula
423 1411 656 1466 unissora,
704 1410 969 1456 accedente
998 1410 1049 1456 in
1082 1411 1331 1459 nonnullis
1369 1413 1568 1462 alterius

61 1480 257 1529 flosculi
292 1478 571 1525 rudimento
601 1475 844 1531 filisormi,
879 1476 1013 1522 nudo
1047 1476 1122 1523 vel
1155 1477 1378 1525 barbato.
1451 1480 1570 1526 Glu-

63 1563 171 1593 mae
208 1542 560 1607 suhaequales,
606 1542 693 1588 sed
726 1541 932 1587 inferior
966 1559 1112 1606 saepe
1147 1544 1325 1605 major,
1362 1545 1571 1593 flosculo

67 1628 214 1675 saepe
274 1611 502 1673 majores.
587 1607 842 1654 Flosculus
900 1607 1015 1670 pilis
1072 1608 1287 1666 cinctus,
1351 1609 1571 1668 bivalvis,

62 1676 252 1724 vah-ula
306 1673 539 1720 inferiore
582 1672 759 1728 dorso,
823 1673 957 1718 varia
1001 1672 1288 1731 altitudine,
1345 1676 1572 1739 setigeraa

64 1740 334 1788 Lodiculae
370 1739 520 1794 duae,
570 1736 901 1793 collaterales,
936 1738 1362 1797 membranaceae,
1400 1742 1576 1789 oblon-

63 1804 500 1870 go-lanceolatae,
554 1803 786 1866 integrae.
866 1803 1087 1850 Stamina
1121 1806 1230 1851 tria.
1310 1806 1439 1869 Styli
1478 1808 1576 1854 duo

63 1871 374 1929 brevissimi3
434 1869 661 1932 stigmata
709 1867 949 1934 plumosa.
1035 1869 1299 1937 Caryopsis
1354 1873 1578 1921 obsolete

60 1938 280 1993 sulcata,
317 1935 488 1981 libera.

193 2013 588 2065 Inflorescentia:
620 2013 851 2078 panicula
890 2016 1181 2074 composita.

180 2127 221 2152 a.
251 2111 468 2150 Processu
486 2107 655 2148 flosculi
680 2109 928 2150 accessorio
950 2109 1095 2150 nullo:
1127 2111 1158 2151 C
1173 2110 1305 2150 alam
1319 2118 1506 2166 agrost
1521 2111 1580 2153 is.

181 2187 221 2223 β.
251 2182 466 2221 Processu
499 2180 769 2221 accessorio:
798 2180 1085 2234 Deyeuxia
1118 2179 1309 2222 Clarion.

218 2305 252 2338 1.
287 2309 814 2340 CALAMAGROS'I‘IS
861 2310 1376 2341 ΜΟΝΤΕΠΒΕΝΒῙΒ.
1411 2305 1435 2347 †

180 2400 230 2442 C.
273 2400 428 2455 'glumis
468 2399 799 2453 subaequalibus
837 2399 1299 2440 lineari—lanceolatis
1335 2398 1588 2440 acuminatis

73 2453 255 2497 flosculo
290 2459 316 2512 v}
353 2457 538 2509 duplove
566 2456 862 2509 longioribus,
909 2456 1070 2498 valvula
1107 2457 1333 2510 superiore
1375 2455 1587 2495 inferiore
1654 2473 1656 2477 ·

75 2513 203 2568 paulo
232 2513 422 2561 minore,
468 2512 569 2565 pilis
597 2510 823 2552 flosculum
856 2511 1136 2566 aequantibus
1175 2522 1246 2552 aut
1279 2513 1404 2565 paulo
1439 2525 1589 2565 super-

76 2570 273 2615 antibus,
326 2579 415 2609 scta
454 2568 564 2607 infra
615 2568 780 2620 apicem
817 2578 982 2608 exserta
1014 2569 1175 2623 glumas
1209 2577 1440 2623 aequante,
1487 2581 1589 2621 pro-

76 2637 202 2664 cessu
230 2625 469 2665 accessorio
507 2623 686 2663 flosculo
711 2624 948 2678 quadruplo
973 2625 1176 2665 breviore
1205 2626 1326 2677 apice
1347 2623 1588 2676 subpiloso,

73 2681 272 2734 panicula
311 2681 676 2720 semiverticillata
712 2680 976 2721 subsecunda
1012 2681 1184 2735 patula,
1225 2682 1363 2721 culmo
1390 2680 1588 2734 simplice

71 2736 211 2785 laevi,
242 2736 360 2777 foliis
386 2737 623 2776 linearibus
651 2736 830 2777 scabris.

184 2807 324 2848 Radix
348 2807 546 2847 crassitie
568 2820 734 2860 pennae
759 2806 983 2847 anserinae
1002 2837 1012 2857 ‚
1043 2821 1224 2860 repens,
1259 2808 1468 2855 annulata,
1500 2807 1590 2860 pal-

78 2861 168 2904 lide
199 2864 340 2913 fusca,
380 2862 502 2902 fibris
535 2863 840 2906 concoloribus
862 2863 1169 2918 mediocribus,
1229 2864 1401 2906 Culmus
1430 2863 1590 2904 2--3-

136 2937 294 2969 aona
321 2936 505 2969 ausu„
544 2920 604 2966 11.
1049 2927 1118 2972 2]
