1788 3183
116 151 398 191 GnAmmEAz.
468 148 757 190 OBsEnvArxo
802 159 1044 188 Gnoroch
1084 161 1138 186 m·
1165 159 1471 187 fosseoxomes.
1532 148 1613 190 ,565

222 269 412 309 Perinde
452 282 557 309 vero
599 268 680 308 hoc
723 280 897 321 gramen
937 265 1211 305 utilissimum
1265 266 1375 305 intra
1414 266 1607 320 tropicos

112 324 297 367 circulos
328 325 475 379 quavis
506 324 618 363 coeli
657 325 893 376 temperie,
934 322 1017 360 nisi
1059 320 1261 375 frigidior
1298 322 1377 368 sit,
1430 331 1606 362 conten-

110 389 197 419 tum
227 381 421 427 videtur,
466 389 509 419 et
547 379 711 419 diversa
743 379 823 418 soli
855 377 1099 418 conditione
1129 376 1308 430 gaudet.
1340 391 1419 416 nec
1449 377 1499 416 ab
1527 378 1604 416 hu.

109 436 236 475 midis
276 450 356 475 nec
395 436 446 475 ab
486 435 612 474 siccis
654 434 912 480 abhorrens,
963 434 1194 486 eademque
1224 432 1392 471 ratione
1422 432 1464 471 in
1496 433 1603 473 locis

111 506 258 544 parum
303 505 431 542 super
468 491 684 530 Oceanum
731 489 906 530 elevatis
936 490 1001 528 vel
1033 489 1076 527 in
1106 488 1201 527 altis
1231 489 1445 527 montibus
1475 501 1603 542 vege-

107 556 213 586 tans.
283 548 380 586 Hoc
419 556 557 585 tamen
599 547 800 591 interest,
854 545 968 599 quod
1019 543 1250 584 secundum
1294 544 1375 582 soli
1413 543 1529 583 vices
1561 554 1604 584 et

107 602 398 655 magnitudine
430 603 666 641 culmorum
698 610 739 640 et
771 603 887 640 succi
919 600 1194 653 saccharique
1225 600 1459 654 quantitate
1492 614 1604 639 sum-

105 671 280 710 mopere
313 658 472 706 variet3
504 667 545 696 et
575 657 749 712 quidem
778 658 821 695 in
854 670 1012 709 genere
1042 657 1174 705 valet,
1208 657 1250 695 id
1274 656 1401 694 humo
1433 655 1600 709 pingui,

99 714 246 766 nigra,
292 713 463 759 subtili,
509 713 620 753 lenta
659 713 890 756 delectari,
933 726 1040 766 quae
1081 711 1208 750 nimia
1241 711 1496 751 insolatione
1526 711 1600 750 vix

102 768 284 808 obnoxia
323 769 532 807 imbribus
576 778 644 807 aut
684 767 960 807 inundatione
1005 767 1184 806 subinde
1215 766 1444 806 reficiatur.
1503 769 1600 807 Hoc

99 838 202 863 vero
234 824 314 863 soli
346 839 503 878 genus,
536 825 691 863 incolis
722 821 933 875 Blassape'
965 823 1147 871 dictum,
1188 822 1490 864 diversissimis
1519 823 1600 862 im-

99 881 211 930 perii
244 881 493 934 regionibus
524 881 759 918 invenitur:
793 881 836 918 in
869 879 1083 931 depressis
1109 878 1222 929 juxta
1254 893 1368 918 mare
1398 877 1598 927 (lWarin-

97 935 194 985 has)
226 950 303 988 per
332 936 575 989 provincias
600 937 643 975 S.
670 935 804 981 Pauli,
838 935 1324 986 Sebastianopolitanam
1347 935 1454 973 etin
1484 947 1596 976 cam-

97 992 162 1044 pis
201 994 514 1042 Goyatacazes,
559 993 602 1030 in
643 992 757 1030 omni
802 991 962 1030 ambitu
1011 990 1308 1039 ‹Meconem-0)
1352 990 1465 1029 sinus
1505 1004 1594 1030 om-

98 1048 213 1086 nium
246 1049 496 1087 Sanctorum
527 1046 691 1091 <Rama
721 1046 771 1085 de
801 1046 922 1084 {odos
951 1060 997 1084 os
1028 1044 1223 1094 Solitos),
1256 1060 1376 1086 secus
1418 1045 1593 1086 fluvium

102 1106 143 1143 S.
190 1104 409 1143 Francisci
453 1104 497 1141 in
543 1104 752 1142 Minarum
802 1103 1023 1154 provincia
1075 1102 1254 1155 passim,
1307 1115 1386 1141 nec
1425 1117 1509 1142 nou
1546 1103 1593 1141 in

94 1160 352 1212 provinciis,
404 1173 511 1212 quae
552 1159 650 1198 inde
696 1172 842 1198 versus
875 1160 1223 1210 Septentrionem
1261 1166 1432 1211 patent3
1475 1158 1592 1213 quod

94 1215 266 1267 quidem
306 1224 447 1253 terrae
491 1228 649 1267 genus,
705 1215 863 1253 detrito
906 1215 1071 1253 cuidam
1123 1228 1220 1253 saxo
1272 1215 1409 1260 illius,
1461 1228 1588 1268 quem

93 1272 342 1323 Flo'tztrapp
373 1270 546 1315 dicunt,
579 1270 741 1309 ordinis
773 1270 984 1322 originem
1016 1270 1191 1317 debere,
1224 1269 1374 1318 nobis,
1408 1270 1469 1308 uti
1502 1270 1587 1311 alio

91 1326 169 1376 jam
202 1327 297 1366 loco
328 1327 801 1379 (Reisebeschreibung
832 1328 883 1364 ΙΙ.
916 1340 955 1378 p.
986 1327 1097 1377 717.)
1128 1325 1402 1374 tradidimus,
1440 1328 1586 1365 statuit

92 1396 517 1421 mssxom,F1-;mxffln2x
560 1397 617 1421 DA
664 1396 864 1427 «ΑΜΑΒΑ,
909 1382 972 1421 vir
1016 1382 1426 1434 praestantissimus,
1471 1384 1586 1421 inter

90 1438 381 1492 Mineralogos
424 1438 552 1478 variis
585 1439 756 1490 seriptis
788 1438 982 1489 inclytus.
1043 1440 1210 1477 Certam
1241 1452 1318 1477 nos
1350 1438 1401 1477 de
1430 1437 1506 1477 hae
1537 1452 1584 1477 re

90 1495 339 1546 opinionem
369 1495 412 1532 in
443 1494 629 1533 medium
657 1494 856 1547 proferre
887 1502 1112 1541 verentes,
1157 1494 1202 1533 id
1240 1508 1367 1532 unum
1407 1507 1583 1533 monen-

89 1550 187 1588 dum
226 1550 456 1597 habemus,
509 1559 662 1588 terram
702 1547 914 1602 sslassape'
953 1550 1108 1588 dictam
1143 1550 1260 1588 vario
1302 1551 1345 1587 in
1388 1563 1582 1589 saxorum

87 1618 270 1656 genere,
303 1606 346 1644 in
379 1607 542 1658 granite
568 1606 749 1644 scilieet.
782 1606 968 1658 gneisso.
1001 1605 1161 1645 schisto
1183 1604 1413 1658 argillaoeo
1445 1619 1579 1655 aeque

84 1673 131 1699 ac
164 1662 202 1698 in
237 1661 454 1709 calcar-eo,
487 1676 613 1715 quem
646 1671 931 1701 transeuntem
963 1662 1117 1709 dicunt,
1149 1662 1274 1700 nobis
1304 1674 1399 1700 esse
1430 1657 1579 1701 obser-

83 1727 244 1765 vatam3
284 1732 445 1770 porro,
488 1718 653 1757 ratione
691 1717 831 1756 habita
872 1718 1138 1757 diversorum
1179 1717 1396 1765 locorum,
1440 1717 1579 1757 videri

85 1774 355 1820 verosimile,
386 1773 554 1822 humum
586 1773 880 1812 destructione
911 1782 1129 1825 pratorum
1159 1774 1474 1825 primaevorum
1502 1772 1579 1813 ssu-

80 1837 220 1867 ctuum
250 1829 419 1870 actione
450 1840 608 1881 partam
650 1829 694 1867 in
737 1829 821 1868 tale
861 1829 941 1869 soli
989 1843 1123 1882 genus
1163 1828 1379 1881 subactam
1423 1829 1575 1869 fuisse.

85 1885 130 1922 ld
163 1885 333 1938 quidem
353 1914 364 1931 ,
396 1885 430 1923 si
461 1884 564 1924 fides
593 1884 785 1923 habenda
815 1886 1212 1937 peregrinantibus,
1255 1899 1362 1939 quos
1407 1886 1459 1924 de
1497 1886 1576 1925 hae

82 1954 130 1978 re
162 1942 423 1979 disserentes
454 1941 714 1987 audivimus,
757 1942 987 1994 praecipue
1028 1941 1135 1980 valet
1175 1941 1227 1980 de
1273 1941 1432 1994 campis
1461 1941 1573 1980 inter

80 1997 235 2034 Lacum
267 1996 439 2035 foedum
472 1996 670 2049 (silogoa
692 1992 816 2050 feja)
855 2005 897 2036 et
939 1995 1114 2036 fluvium
1146 1994 1333 2035 Paraiha
1365 2010 1571 2052 secusque

79 2053 196 2104 ripas
235 2051 352 2091 fluvii
394 2050 606 2091 illm-iah&
645 2052 915 2104 patentibus,
958 2053 1062 2092 mira
1107 2052 1295 2094 sacchari
1341 2052 1568 2093 fertilitate

77 2108 217 2146 claris.
277 2109 498 2147 Caeterum
540 2122 593 2147 ne
625 2108 820 2148 omnibus
854 2109 1024 2162 quidem
1056 2109 1162 2148 locis
1193 2124 1392 2164 aquarum
1423 2110 1465 2147 in
1496 2123 1565 2149 so-

77 2163 161 2200 lum
195 2164 306 2202 actio
337 2164 443 2203 hanc
474 2164 674 2203 saccharo
707 2164 903 2204 idoneam
934 2165 1148 2217 paravisse
1188 2165 1397 2212 indolem,
1442 2165 1589 2219 regio‘

72 2219 226 2272 probat
257 2232 379 2257 secus
410 2220 666 2259 Amazonum
696 2218 852 2259 flumen
883 2230 1080 2268 extensa,
1123 2235 1247 2275 quam
1286 2221 1387 2261 licet
1426 2221 1564 2260 conti-

72 2276 167 2313 nuis
206 2273 406 2313 fluctuum
450 2275 726 2314 inundatione
767 2276 992 2315 obnoxiam
1032 2289 1112 2316 nee
1154 2276 1331 2316 multum
1372 2277 1561 2316 saechari

70 2343 149 2369 nec
189 2332 324 2369 bonae
366 2331 626 2370 conditionis
665 2344 918 2384 procreare,
973 2341 1149 2371 constat.
1185 2332 1338 2384 *Cujus
1369 2333 1434 2371 rei
1462 2346 1559 2371 cau-

71 2400 157 2424 sam
190 2386 354 2426 incolae
386 2386 429 2424 in
459 2399 597 2426 macra
638 2386 771 2439 ipsius
810 2397 949 2426 terrae
980 2387 1224 2428 conditione
1255 2389 1433 2440 positam
1465 2399 1559 2427 esse

71 2442 263 2487 tradunt,
310 2442 467 2496 quippe
500 2456 606 2496 quae
637 2451 805 2482 constet
835 2443 924 2482 limi
955 2444 1098 2482 stratis
1128 2454 1224 2484 octo
1253 2445 1303 2483 ad
1334 2443 1560 2483 duodecim

72 2498 227 2549 pedum
270 2497 494 2536 altitudine
524 2496 708 2536 fluminis
740 2499 901 2550 impetu
932 2500 1025 2538 aliis
1055 2500 1255 2553 argillae,
1293 2500 1402 2540 varii
1441 2500 1557 2538 colo-

70 2554 145 2599 ris,
180 2553 401 2605 impositi&
443 2556 534 2593 Hac
564 2554 696 2607 igitur
725 2555 768 2592 in
800 2555 973 2608 imperii
1004 2555 1123 2609 plaga
1155 2556 1393 2595 sacchareta
1417 2569 1557 2594 remo-

68 2609 254 2648 tioribus
283 2623 304 2647 a
334 2608 507 2647 flumine
537 2609 670 2658 locis,
716 2624 823 2664 quae
854 2611 978 2649 altius
1009 2612 1086 2650 sita
1117 2625 1319 2666 aquarum
1346 2611 1556 2650 vicissitu-

70 2664 170 2703 dine
201 2664 336 2702 minus
367 2665 452 2704 sint
482 2665 678 2713 obnoxia,
708 2665 929 2716 plantanda
951 2676 1073 2716 sunt3
1103 2667 1386 2722 neque,>quin
1399 2667 1556 2719 passim

11 2756 15 2760 Δ
67 2719 186 2757 fundi
218 2719 378 2759 ibidem
409 2721 591 2760 inveniri
634 2730 837 2773 possent,
880 2723 952 2776 qui
993 2723 1199 2762 serendae
1239 2724 1433 2762 arundini
1465 2735 1554 2761 sac—

71 2775 308 2816 chaiiserae
336 2785 477 2817 essent
506 2777 714 2830 aptissimi
743 2777 1005 2826 dubitamus,
1037 2793 1248 2820 memores
1287 2779 1468 2831 inclytae
1498 2778 1559 2818 fa-
