1788 3183
499 177 783 216 GnAmmss.
849 177 1141 221 Aumatium.
1490 182 1573 226 323

173 295 523 350 Descriptionem
566 304 610 336 et
642 296 813 337 iconem
848 295 1218 338 Sloaneanas‚
1261 299 1464 352 optimas,
1495 313 1575 342 no-

65 350 252 405 strisque
279 353 452 391 omnino
490 352 646 405 plantis
674 362 716 393 et
747 348 1032 405 descriptioni
1056 346 1324 393 Anatheri
1361 354 1576 395 domin·

63 407 286 462 gensis,
313 423 335 447 a
368 408 435 447 cll.
460 411 633 447 Roem.
659 417 701 448 et
722 408 932 449 Schult.
964 409 987 448 l.
1011 418 1047 444 c.
1072 406 1206 454 datae,
1232 422 1454 464 congrum,
1478 411 1575 451 fun-

61 465 260 505 damento
283 463 418 503 fuisse
445 464 680 504 characteri
710 466 1054 512 Linnaeano‚
1087 479 1172 519 quo
1200 466 1574 521 Andropogo·

63 525 180 560 ne‘m
224 534 342 560 suum
385 520 726 574 virginicum
780 521 1146 574 circumscripsit,
1198 522 1269 563 vix
1308 531 1401 572 est,
1459 523 1577 579 quod

65 576 245 616 dubites.

142 634 220 671 Est
245 640 384 670 autem
427 631 769 672 Anatherum
808 632 1149 687 virginicum
1192 633 1458 674 Anatheri
1489 635 1578 674 bi·

63 688 254 728 cornis
287 688 418 727 veluti
450 688 617 741 effigies
641 702 779 728 macra
804 698 847 728 et
870 698 1118 736 extenuata,
1152 698 1300 743 utpote
1328 691 1448 744 cujus
1468 691 1578 731 rami

60 742 260 798 florigeri
287 744 443 797 singuli
469 753 505 782 et
532 745 825 784 remotiusculi
853 759 875 784 e
897 746 1141 798 vaginarum
1159 748 1581 787 membranacearum

62 810 106 840 et
125 799 460 840 fuscescentinm
490 801 592 849 alis,
624 802 732 840 alter
757 810 854 854 post
876 801 1082 848 alterum,
1116 803 1413 855 egrediuntur.
1454 804 1580 844 Folia

62 865 159 896 sunt
183 855 388 904 disticha,
425 857 570 909 longa,
604 866 802 910 angusta,
845 858 1020 897 omnino
1059 857 1240 896 linearia
1273 868 1316 899 et
1349 873 1582 914 parumper

62 911 405 967 glaucescentia‚
454 913 542 951 basi
580 915 708 954 modo
756 913 870 953 ciliis
906 913 1125 953 nonnullis
1166 914 1394 967 adspersa,
1449 917 1580 957 modo

61 977 152 1009 tota
190 969 359 1022 glabra;
407 979 566 1016 aelate,
613 978 658 1008 ut
694 969 872 1024 vaginae
910 969 1178 1018 bracteales,
1219 971 1329 1011 rufa.
1404 973 1581 1013 Florum

63 1033 278 1065 structura
315 1026 491 1065 omnino
525 1026 661 1080 qualis
699 1026 743 1064 in
774 1026 946 1065 Anath
961 1039 1055 1065 ero
1084 1026 1336 1078 bicorni,
1369 1029 1447 1068 sed
1482 1027 1583 1068 ssos·

19 1094 21 1096 ’
64 1080 184 1122 culus
225 1081 507 1132 pedicellatus
549 1082 820 1129 distinctior,
872 1081 1158 1128 lanceolatus‚
1219 1083 1422 1125 crassiori
1462 1084 1582 1138 pedi-

64 1137 174 1176 cello
201 1138 380 1176 innatus.
440 1137 615 1189 Spicula
650 1136 998 1191 hermaphrodita
1028 1138 1366 1192 hemidogama,
1399 1138 1581 1181 flosculo

61 1203 218 1233 neutro
251 1193 437 1232 univalvi
468 1194 732 1243 lanceolat03
791 1194 1134 1248 hermaphroditi
1164 1195 1328 1235 valvula
1370 1196 1582 1237 inferiore

64 1249 301 1289 lanceolata
339 1249 467 1303 longe
497 1249 732 1289 acuminata
762 1259 804 1290 et
833 1249 927 1289 fere
950 1250 1171 1303 cuspidata
1201 1251 1424 1300 uninervi,
1456 1266 1582 1308 supe-

68 1305 188 1346 riore
220 1307 247 1356 {
276 1305 480 1345 breviore
512 1306 943 1346 lineari-lanceolata
973 1307 1223 1346 acuminata.

179 1373 359 1415 Habitat
395 1393 431 1416 σε.
464 1376 505 1415 in
533 1375 652 1415 arcis
678 1383 718 1416 et
750 1375 879 1416 cultis
891 1391 1029 1431 prope
1050 1373 1154 1432 Ega
1177 1383 1216 1416 et
1237 1375 1336 1417 aliis
1357 1375 1462 1417 locis
1477 1390 1584 1432 pro-

65 1429 233 1471 vinciae
244 1430 452 1484 flmninis
479 1432 619 1487 Nigri.
662 1431 918 1484 (Ilffartias.)
954 1456 1010 1463 —-
1050 1437 1145 1474 Var.
1169 1440 1205 1474 β.
1241 1433 1392 1473 crescit
1418 1433 1461 1473 in
1484 1432 1580 1473 lier-

65 1488 174 1528 hidis
209 1488 367 1543 apricis
393 1496 432 1527 et
456 1488 630 1528 incultis
654 1503 769 1542 pone
800 1488 920 1529 Para
950 1488 1208 1543 provinciae
1237 1488 1492 1538 Parae'nsis,
1543 1497 1584 1530 et

63 1544 122 1583 ad
141 1542 624 1595 Amazonumflnmen,
654 1545 697 1584 in
726 1545 887 1600 campis
909 1545 1187 1596 generalibus
1208 1560 1334 1600 prov.
1369 1548 1411 1586 S.
1437 1544 1584 1595 Pauli,

66 1599 108 1639 in
139 1601 300 1654 campis
325 1600 427 1639 altis
451 1615 575 1654 prov.
600 1599 829 1640 Minarnm
856 1601 1152 1656 generalium,
1187 1602 1245 1640 ad
1274 1601 1513 1642 Almaa‘am
1543 1609 1585 1641 et

69 1654 308 1705 Fer-radas,
335 1657 431 1696 ilem
457 1657 497 1696 in
523 1656 679 1696 vicinia
697 1656 1108 1710 Sebastianopoleos.
1134 1656 1369 1709 (LlIartias.
1396 1684 1452 1692 --
1487 1658 1586 1699 Wdi

65 1712 196 1752 etiam
228 1713 271 1752 in
300 1711 430 1753 Herb.
457 1712 566 1767 Reg.
601 1712 749 1753 Berol.
794 1729 820 1752 α
862 1713 1048 1753 δείίουὶο
1077 1729 1100 1754 e
1130 1711 1291 1754 Allonte
1331 1714 1457 1756 rideo
1486 1714 1583 1755 mis-

66 1771 205 1821 sum.)
277 1767 429 1809 Floret
467 1768 704 1818 januario,
759 1768 934 1809 [Warlio
981 1777 1020 1809 et
1058 1768 1221 1824 Aprili.
1270 1777 1334 1822 24..
1396 1769 1585 1811 Plantae

65 1825 309 1876 morbosae,
352 1825 688 1880 astilaginosae,
726 1840 838 1880 qnae
871 1828 951 1866 sab
985 1842 1023 1870 γ.
1062 1827 1280 1876 citantur,
1321 1826 1458 1867 lectae
1484 1834 1585 1868 sunt

64 1881 107 1921 in
144 1882 305 1936 campis
339 1881 439 1921 allis
466 1882 623 1936 apricis
657 1882 840 1922 ventosis
876 1881 1082 1936 Cltapada
1117 1882 1170 1922 de
1210 1880 1417 1923 Paramin
1449 1890 1490 1923 et
1526 1884 1584 1923 ad

49 1935 227 1990 flumen
265 1938 498 1991 pulchram
533 1937 637 1990 (Rio
670 1936 886 1992 jermozo)
912 1938 1241 1993 provinciarum
1274 1938 1507 1979 Minas-nm
1541 1947 1582 1980 et

66 1992 466 2034 Pernambnccmae.
527 1993 717 2049 (Mart.)
782 1995 876 2036 Vidi
897 1995 1024 2035 eliam
1053 1995 1096 2035 in
1121 1994 1253 2036 Herb.
1281 1995 1391 2052 Reg.
1416 1995 1580 2049 BeroL,

64 2064 92 2089 α
117 2049 307 2091 Sellocio
330 2051 476 2091 lectas.

157 2108 385 2148 Observ.
417 2111 449 2147 Ι.
508 2107 892 2162 Andropogon
924 2107 1359 2159 leucostachyus
1388 2109 1443 2147 H.
1467 2115 1510 2148 et
1528 2108 1577 2149 R.

65 2163 112 2203 in
143 2165 279 2204 Herb.
321 2165 587 2206 ivillden.
627 2164 768 2211 visus,
827 2163 1102 2213 varietatem,
1157 2178 1283 2219 quam
1324 2171 1359 2205 β.
1393 2164 1579 2218 signavi.

64 2234 182 2267 mus,
228 2221 427 2269 exhibet,
469 2219 662 2260 firmiore
703 2221 843 2260 culmo
883 2220 1089 2276 foliisque
1130 2219 1405 2260 brevioribus
1450 2220 1578 2273 paulo

62 2276 292 2316 latioribus
323 2277 543 2331 magisque
570 2277 758 2324 obtusis,
792 2276 1007 2330 spicarum
1038 2276 1152 2317 villis
1188 2276 1312 2328 paulo
1344 2276 1578 2316 consertio-

61 2332 206 2380 ribus,
236 2333 390 2387 hisque
415 2333 521 2371 solis
542 2332 635 2372 fere
662 2333 1017 2386 distinguendam.
1079 2332 1252 2375 Valvula
1279 2330 1448 2371 flosculi
1478 2332 1574 2372 her·

63 2389 324 2442 maphroditi
350 2388 535 2428 inferior
560 2398 603 2428 et
635 2388 677 2427 in
704 2389 781 2428 hac
818 2403 1033 2443 nunquam
1069 2402 1219 2428 revera
1256 2389 1465 2441 setigera,
1497 2388 1575 2428 sed

64 2446 355 2485 tantummodo
396 2444 678 2485 subtilissime
714 2446 1006 2484 mucronulata
1031 2458 1106 2484 seu
1136 2445 1441 2492 acuminulata,
1474 2457 1574 2484 acu-

62 2501 181 2541 mine
215 2516 429 2556 nunquam
466 2509 583 2541 extra
610 2501 772 2554 glumas
800 2501 1071 2554 prominente
1104 2508 1147 2540 et
1182 2501 1226 2539 in
1262 2500 1573 2542 vetustioribus

12 2556 14 2558 “
65 2557 245 2612 spiculis
275 2558 446 2597 vixdum
475 2557 776 2611 percipiendo.

175 2613 402 2654 Observ.
433 2616 486 2653 11.
544 2612 832 2666 Ustilaginosa
856 2610 1114 2665 specimina,
1147 2626 1329 2666 quorum
1352 2608 1428 2649 sub
1453 2625 1491 2654 γ.
1515 2613 1571 2662 jin

61 2670 414 2710 antecedentibus
445 2670 709 2709 mentionem
744 2668 947 2718 fecimus,
989 2682 1037 2707 ea
1072 2668 1350 2721 praesertim,
1385 2681 1493 2722 quae
1525 2668 1570 2707 in

58 2726 277 2767 Herbario
301 2726 439 2780 Regio
463 2725 739 2767 Berolinensi
759 2733 984 2764 servantur
1011 2725 1152 2764 culmo
1188 2733 1284 2763 sunt
1312 2724 1568 2776 humiliore,

59 2782 183 2834 apice
207 2782 522 2829 strictiusculo‚
556 2782 724 2836 vaginis
749 2781 1037 2820 bractealibus
1061 2777 1378 2834 angustioribus
1394 2809 1404 2827 ‚
1436 2778 1569 2833 spicis

58 2836 356 2886 brevioribus,
388 2838 567 2894 spiculis
590 2837 810 2885 omnibus,
843 2837 971 2876 etiam
996 2837 1160 2877 neutris
1182 2835 1291 2884 illis,
1325 2835 1567 2890 ustilagine‚

59 2893 282 2936 columnae
307 2894 489 2935 centrali
520 2895 744 2948 elongatae
776 2893 899 2948 quasi
921 2892 1089 2946 pistillo
1124 2891 1398 2939 adhaerenti,
1428 2893 1568 2933 refer·

990 2949 1095 2997 21*
