1788 3183
560 189 844 229 GnAmmEAssz.
903 188 1100 228 Buomus.
1504 190 1589 234 469

73 311 174 358 bra,
207 309 355 349 subtus
377 309 534 355 laevia,
576 309 733 348 lineam
758 323 882 348 unam
906 320 1002 349 cum
1029 308 1205 348 dimidia
1228 309 1332 355 lata,
1373 309 1584 350 inferiora

73 367 229 420 pedem
256 366 349 405 fere
366 395 376 412 ‚
410 365 632 418 superiora
669 366 889 405 dimidium
910 365 1063 418 pedem
1085 365 1236 419 longa,
1278 367 1388 405 laete
1413 366 1578 406 viridia.

70 422 275 462 Panicula
315 430 486 468 erecta,
539 421 712 469 stricta,
772 422 927 468 densa,
982 421 1190 474 oblonga.
1236 422 1366 461 5-—8
1398 422 1580 473 pollices

70 479 222 533 longa,
256 478 420 519 obtusa.
479 476 666 517 Rhachis
693 477 862 517 inferne
891 478 1167 517 teretiuscula
1207 478 1362 519 laevis.
1393 491 1578 530 superne

70 536 265 588 angulata
291 534 453 573 scabra.
512 534 635 573 Rami
679 536 831 581 6—-8‚
875 534 1260 581 semiverticillati,
1305 534 1465 579 erecti,
1506 549 1578 572 an-

68 591 228 647 gulati,
277 589 570 643 pubescenti·
596 590 762 638 scabri,
808 591 1078 645 inaequales3
1121 591 1193 630 alii
1233 589 1575 645 semipollicares

67 649 138 688 vel
159 647 387 700 pollicares
413 644 589 685 uniflori
607 677 615 692 ‚
648 647 745 693 alii,
786 648 1044 700 praesertim
1071 648 1113 685 in
1145 647 1369 686 verticillis
1395 646 1574 686 inseri&

66 704 210 750 ribus,
242 703 684 756 tri-quadriunciales
714 702 967 752 multiflori3
998 703 1098 743 hinc
1126 704 1316 757 spiculae
1337 702 1469 743 veluti
1495 716 1574 756 per

67 760 221 814 gradus
254 759 525 807 imbricatae,
566 761 679 799 unde
708 774 864 800 nomen
904 759 974 807 (ab
1004 760 1130 805 ἀυλνές,
1166 760 1306 803 tibia.)
1363 759 1574 799 Pedicelli

65 817 237 871 proprii
277 816 512 855 bilineares
556 816 756 863 circiter,
800 817 922 870 apice
958 815 1456 871 angulato-incrassati‚
1498 830 1574 868 pu-

64 871 416 912 bescenti-hirti.
476 872 674 924 Spiculae
704 879 830 915 ’,ν-8
868 873 1003 912 lineas
1042 873 1222 926 longae,
1256 873 1571 926 oblongo-lan-

67 930 280 975 ceolatac,
321 929 756 980 compressiusculae.
800 942 851 967 ex
883 929 1035 982 glauco
1074 929 1288 970 virentes.
1335 930 1572 982 glumarum

66 995 110 1025 et
138 984 412 1024 flosculorum
435 985 629 1038 apicibus
655 985 808 1037 pallida
828 1000 1014 1038 purpura
1040 984 1227 1024 suffusis.
1273 986 1450 1025 Glumae
1472 985 1572 1024 lier-

64 1042 244 1087 baceae,
286 1042 478 1094 margine
518 1042 886 1087 membranaceae,
930 1040 1428 1094 pubescenti-scabrae:
1461 1041 1573 1080 infe-

63 1099 155 1138 rior
184 1096 363 1137 ssosculo
387 1097 574 1136 secundo
600 1097 728 1136 tertia
754 1107 873 1150 parte
899 1097 1098 1143 brevior,
1130 1097 1572 1137 lanceolam-acumi-

64 1164 185 1202 nata,
218 1154 716 1205 compresso-carinam,
748 1154 973 1202 trinervi53
1019 1154 1220 1205 superior
1253 1153 1439 1193 secundo
1468 1152 1568 1192 flos-

62 1212 160 1250 culo
196 1209 323 1249 tertia
367 1218 487 1262 parte
524 1209 726 1257 brevior,
783 1210 1274 1264 oblongo—lanceolata,
1317 1210 1567 1257 acuminata,

64 1267 195 1306 dorso
245 1266 575 1305 convexiuscula
613 1279 708 1304 cum
749 1267 889 1305 carina
920 1267 1254 1319 septemnervis,
1301 1266 1436 1305 rarius
1474 1281 1566 1304 sex-

63 1323 131 1363 vcl
161 1322 514 1377 quinquenerviS.
582 1322 770 1361 Flos-culi
791 1324 816 1362 5
839 1323 890 1361 ad
910 1337 959 1372 7,
992 1321 1301 1375 approximati‚
1341 1322 1463 1375 apice
1495 1337 1569 1374 pa-

62 1379 162 1426 mli,
194 1378 663 1431 pubescenti-hirsuti.
722 1378 910 1418 Rhachis
956 1379 1131 1432 propria
1173 1379 1333 1418 scabra.
1393 1379 1568 1419 Valvula

60 1435 248 1474 inferior
277 1434 516 1482 herbacea,
550 1434 1041 1483 convoluto-convexa,
1075 1435 1292 1487 explanata
1320 1444 1458 1474 autem
1481 1435 1568 1473 lan·

60 1491 478 1544 ceolam-oblonga,
518 1492 830 1543 septemnervis
861 1505 994 1531 nervo
1028 1491 1171 1530 medio
1202 1501 1241 1529 et
1277 1491 1390 1529 binis
1416 1490 1568 1530 latera-

59 1547 172 1588 libus
203 1548 510 1600 approximatis
546 1545 826 1594 fortioribus,
871 1547 945 1586 sub
980 1548 1101 1600 apice
1135 1547 1461 1586 membranaceo
1503 1547 1569 1585 bi-

60 1604 147 1644 fido
175 1605 240 1643 vel
271 1604 398 1643 etiam
430 1604 573 1643 lacero
611 1605 812 1642 emittens
839 1604 1008 1642 aristam
1038 1612 1225 1643 setamve
1254 1613 1412 1642 rectam
1441 1602 1568 1641 subu-

61 1660 187 1700 latam
222 1660 412 1699 scabram
459 1660 622 1698 valvula
655 1660 750 1712 plus
795 1659 925 1713 duplo
969 1659 1227 1700 breviorem.
1287 1659 1461 1699 Valvula
1499 1673 1567 1697 sum

57 1717 209 1769 perior
242 1716 369 1769 paulo
402 1716 604 1762 brevior,
654 1716 911 1762 lanceolata,
951 1716 1208 1760 acuminata.
1254 1715 1473 1762 binensis,
1515 1714 1565 1753 ad

55 1786 212 1812 nervos
248 1771 720 1825 pubescenti-scabros
764 1770 933 1810 inflexa.
1019 1772 1252 1811 Lodiculae
1290 1771 1565 1818 lanceolatae,

56 1829 233 1883 oblique
258 1829 543 1874 acuminatae,
575 1828 698 1880 apice
727 1828 987 1868 barbulatae.
1046 1829 1233 1868 Stamina
1267 1829 1374 1877 tria,
1417 1827 1565 1867 anthe-

54 1886 116 1925 ris
138 1884 280 1925 fulvis.
341 1887 528 1925 Germen
552 1885 809 1938 pubescens.

164 1969 347 2010 Habitat
372 1969 430 2008 ad
454 1967 640 2009 sslonte-
663 1969 803 2011 Video.
836 1967 1052 2021 (Sellow.)
1096 1975 1158 2022 ⁵4·
1218 1967 1341 2021 (Vidi
1362 1968 1404 2008 ιἰι
1430 1966 1559 2007 Herh.

54 2026 165 2083 Reg.
196 2025 370 2074 Berol.)

170 2128 396 2169 observ.
457 2129 643 2169 Gramen
666 2126 769 2175 hoc,
801 2130 1000 2168 Bromo
1039 2136 1232 2167 erecto
1272 2127 1433 2166 uuus.
1467 2127 1555 2177 plu-

53 2185 176 2225 rimis
197 2198 452 2238 congruum,
502 2185 589 2224 sola
627 2184 721 2223 sere
760 2185 810 2223 cl.
852 2183 1041 2224 Trinii
1083 2182 1367 2229 auctoritate,
1411 2182 1483 2220 sed
1511 2196 1558 2220 ca

51 2255 152 2280 sane
169 2241 338 2280 maximi
362 2240 570 2286 habenda,
601 2239 704 2279 freti
725 2240 1009 2286 distinximus,
1036 2239 1290 2293 praesertim
1318 2238 1371 2276 ob
1396 2239 1556 2292 gluma-

50 2312 146 2336 rum
167 2311 324 2336 nervos
350 2310 528 2335 numero
555 2305 701 2334 auctos
731 2306 773 2336 et
807 2298 1028 2349 paniculae
1061 2296 1262 2334 habitum.
1323 2297 1554 2334 Bromus

52 2367 76 2392 e
93 2363 283 2393 rectus
315 2352 478 2391 Huds.
512 2351 661 2391 differt
687 2354 918 2406 praecipue
940 2368 962 2392 a
988 2361 1136 2391 nostro
1159 2352 1364 2390 auletico:
1397 2351 1552 2396 culmo,

49 2409 135 2449 nisi
155 2409 197 2447 in
224 2409 374 2453 cultis,
406 2408 627 2446 humiliori
661 2417 703 2446 et
729 2408 980 2455 infirmiori,
1012 2407 1206 2461 panicula
1232 2407 1552 2446 laxioriminus

49 2465 313 2518 composita,
356 2464 532 2517 spiculis
568 2463 704 2517 magis
734 2466 1018 2518 compressis,
1064 2463 1256 2503 nitidulis
1285 2475 1366 2502 nec
1393 2463 1552 2516 opacis,

50 2521 213 2575 glabris
249 2521 316 2561 vel
348 2521 496 2559 saltem
529 2520 699 2572 parcius
733 2520 974 2573 puber-ulis,
1013 2518 1206 2559 flosculis
1231 2518 1550 2565 remotioribus,

49 2577 304 2630 praesertim
326 2591 430 2616 vero
454 2577 610 2630 glumis
642 2577 986 2629 angustioribus,
1030 2589 1206 2629 quarum
1240 2575 1424 2614 inferior
1459 2574 1551 2611 uni-

47 2633 217 2681 nervis,
249 2633 449 2686 superior
466 2632 953 2685 oblongo-lanceolata,
985 2632 1153 2685 longius
1171 2639 1406 2677 attenuata,
1437 2643 1552 2670 com-

46 2690 439 2743 presso-carinam,
469 2688 686 2728 trinervis.
745 2692 868 2729 Hunc
885 2690 1028 2742 itaque
1049 2689 1111 2728 sic
1129 2686 1519 2727 circumscribimus
1537 2699 1547 2724 ε

156 2783 222 2821 Br
236 2795 260 2820 o
275 2796 314 2820 m
330 2796 353 2819 u
368 2796 384 2818 s
417 2795 473 2820 er
488 2795 509 2820 e
526 2789 612 2820 ctu
627 2795 645 2819 s
676 2781 790 2820 Hud
804 2795 863 2819 s.:
897 2779 1117 2833 paniculae
1142 2789 1312 2819 erectae
1328 2780 1449 2819 laxae
1477 2792 1543 2816 ras

40 2838 122 2876 mis
145 2837 520 2877 semiverticillatis
547 2834 743 2876 unissoris
770 2835 1105 2890 paucissorisque
1140 2836 1283 2876 mixtis
1305 2866 1315 2884 ‚
1364 2834 1541 2889 spiculis

42 2893 291 2936 lanceolatis
331 2890 640 2937 5-multifloris
678 2894 938 2947 compressis
970 2893 1129 2947 glabris
1163 2893 1232 2933 vel
1270 2890 1542 2947 pubes-:enli-
