1788 3183
378 162 661 206 nammis.
716 161 912 205 Tamus.
971 160 1240 204 Cumanum.
1489 164 1576 209 287

59 292 240 340 angusto
261 292 403 324 tamen
436 293 477 324 et
509 278 774 334 cylindrum,
807 280 1075 331 munifici-0,
1114 281 1341 337 pedicenis
1374 289 1575 324 constan·

58 351 125 382 ter
148 339 315 381 bissoris
335 370 346 388 ‚
375 351 456 379 nec
479 337 685 388 trissoris‚
725 340 905 394 spiculis
936 340 1064 394 duplo
1096 339 1192 379 fere
1222 339 1490 387 minoribus,
1520 340 1576 380 li-

56 411 180 437 neam
203 397 370 450 longis,
414 395 891 448 oblongo-lanceolatis
918 411 992 436 seu
1020 410 1043 435 a
1067 394 1212 436 medio
1243 394 1294 435 ad
1330 395 1496 448 apicem
1531 405 1575 437 et

55 453 180 494 basin
200 466 339 508 aequo
368 451 492 490 modo
519 452 739 492 diminutis
754 482 763 499 ‚
805 452 1019 492 viridibus
1034 481 1043 497 ‚
1089 464 1232 507 neque
1254 466 1280 491 a·
1297 450 1389 490 basi
1409 451 1461 490 ad
1484 451 1572 504 api-

57 523 153 550 cem
173 507 301 563 longe
327 507 554 548 attenuatis
579 509 988 561 purpurascentibus
1012 508 1166 548 lineam
1201 507 1251 562 1}
1276 506 1573 547 metientibus.

54 590 111 599 -—
142 563 308 617 Calycis
331 561 469 618 gluma
495 563 680 604 inferior
708 565 751 603 in
780 565 943 605 nostris
968 564 1132 607 minor.
1166 564 1415 617 angustior,
1449 563 1575 617 apice

55 620 311 676 plerumque
341 619 625 673 emarginat&
667 620 712 659 in
755 623 936 675 Trago
978 633 1267 660 racemoso
1297 629 1400 660 vero
1434 628 1573 669 ovata,

56 674 370 723 obtusiuscula‚
412 676 601 730 satisque
634 676 883 729 conspicua.
943 675 1175 716 Lodiculae
1219 675 1385 730 Tragi
1424 688 1523 716 occ
1538 675 1575 715 i·

55 732 81 773 d
94 746 117 773 e
131 730 301 772 ntalis
348 727 560 785 oblongae
574 762 585 781 ,
629 732 863 773 serrulatae
879 745 891 784 3
935 732 975 772 'T
991 747 1026 772 r.
1068 743 1090 770 r
1103 746 1124 771 a
1136 744 1158 771 c
1174 745 1197 772 e
1211 746 1251 771 m
1265 746 1289 772 o
1303 733 1349 772 si
1388 730 1545 773 breves
1559 760 1571 781 ‚

51 797 286 836 truncatae,
316 785 566 827 fimbriatae.

169 857 350 898 Habitat
376 857 419 897 in
444 857 578 898 aridis
595 854 757 912 apricis
786 856 899 899 inter
927 855 1142 898 Caxoeira
1169 859 1211 897 εἰ
1238 855 1447 899 ΖῑΙοηΙεηι
1472 872 1574 899 san·

55 921 172 956 ctum
200 914 453 969 provinciae
483 912 724 955 Bahz'ensis.

167 983 367 1028 Adnot.
425 984 573 1028 Altera
600 987 663 1027 sic
687 982 928 1027 definienda
961 990 1025 1026 es't
1053 982 1254 1039 species:

164 1058 375 1112 Tragus
418 1070 738 1098 racemosus
784 1054 1192 1106 (orientalis):
1239 1066 1414 1097 racemo
1454 1050 1568 1108 laxo,

52 1111 308 1170 pedunculis
331 1109 534 1163 trissoris‚
565 1114 743 1168 spiculis
773 1113 1187 1154 ovato-lanceolatis
1214 1107 1483 1153 acuminatis.

160 1185 467 1239 Synonyma
497 1183 599 1225 huic
638 1181 922 1225 adscribenda
965 1193 1062 1225 sunt
1101 1185 1246 1226 omnia
1284 1193 1460 1239 praeter
1501 1194 1567 1234 ea,

53 1255 162 1298 quae
188 1254 314 1296 supra
343 1240 605 1281 adduximus.

48 1298 50 1303 ι
160 1309 343 1353 Habitat
370 1308 413 1352 in
434 1307 639 1351 orientali
663 1317 806 1351 terrae
827 1305 979 1366 plaga.

164 1381 387 1426 Observ.
448 1384 571 1445 Quae
607 1384 674 1424 vir
713 1383 977 1424 clarissimus
1021 1377 1258 1422 Trinius
1299 1375 1399 1421 loco
1441 1389 1572 1434 supra

55 1440 181 1482 allato
209 1442 274 1496 (p.
300 1441 385 1493 67.)
416 1440 470 1481 de
498 1439 822 1481 inflorescentia
857 1438 1119 1493 Lappaginis
1146 1437 1339 1486 indicae,
1386 1437 1572 1490 spicula·

50 1510 232 1553 rumque
254 1494 344 1548 ejus
369 1510 470 1538 vera
495 1506 643 1537 natura
669 1508 794 1549 quam
815 1496 1059 1536 acutissime
1087 1493 1322 1540 disseruit,
1354 1489 1503 1532 nescio
1517 1505 1571 1532 an

55 1553 107 1593 ad
145 1563 334 1593 nostram
373 1553 564 1607 speciem
603 1550 812 1605 applicari
852 1548 1046 1605 possint,
1099 1558 1250 1603 utpote
1288 1548 1357 1589 cui
1402 1547 1572 1603 singula

54 1609 262 1664 cujusque
285 1605 515 1664 pedunculi
539 1609 703 1663 spionia
735 1607 925 1661 perfecta
955 1606 1212 1660 contigerit,
1257 1615 1399 1660 neque
1436 1605 1571 1645 altera

53 1665 288 1720 uniglumis
317 1665 494 1705 sterilis.
570 1667 736 1706 Numne
773 1664 905 1719 igitur
949 1663 1078 1704 tertia
1120 1662 1242 1702 datur
1284 1660 1481 1715 species,
1522 1660 1569 1700 iu

53 1736 179 1777 quam
210 1722 291 1761 ista
327 1720 572 1762 observatio
609 1721 792 1769 cadens,
837 1732 930 1759 rem
969 1731 1162 1765 ornnem,
1203 1729 1283 1770 per
1318 1730 1364 1758 se
1394 1715 1569 1772 quidem

50 1778 154 1819 satis
174 1776 444 1832 probabilem
459 1807 470 1827 ‚
501 1778 553 1818 ad
577 1777 712 1832 ipsam
739 1784 934 1816 naturam
957 1773 1254 1815 demonstret?

584 1909 689 1948 XVI.
740 1906 1021 1946 CENCHRUS.

214 2013 349 2057 Palis.
377 2014 430 2056 de
457 2013 627 2058 Βεαιιυ.
660 2016 841 2072 Agrost.
877 2031 922 2072 p.
977 2016 1046 2068 57.
1094 2020 1124 2054 t.
1157 2010 1303 2054 XIII.
1329 2007 1378 2069 f.
1412 2024 1457 2066 7.
1507 2008 1565 2054 R.

214 2079 256 2113 et
275 2071 372 2112 sch.
396 2073 438 2113 S.
472 2073 520 2114 V.
546 2072 609 2113 II.
634 2088 679 2125 p.
709 2086 749 2125 o.
781 2072 837 2113 H.
860 2080 902 2113 et
926 2070 981 2112 R.
1012 2070 1067 2111 N.
1097 2069 1148 2111 G.
1177 2077 1218 2111 et
1238 2072 1312 2125 Sp.
1338 2071 1375 2110 I.
1395 2083 1440 2124 p.
1474 2076 1566 2119 ¹¹4-

214 2126 380 2169 Runtlz.
405 2127 515 2185 Syn.
542 2131 577 2170 I.
602 2144 647 2184 p.
683 2131 772 2182 187.

157 2199 347 2241 Cenchri
372 2214 436 2254 sp.
463 2196 585 2250 Lim,
616 2197 752 2249 Pers.‚
791 2195 914 2241 Tria.
939 2198 1054 2254 Agr.
1082 2193 1215 2252 (ez-cl.
1236 2193 1566 2251 Anthephora.)

157 2271 491 2321 Panicastrella‚
530 2269 731 2312 Micheli.

180 2343 352 2390 Char.
390 2354 622 2390 essent.
692 2340 1002 2392 Involucrum
1033 2336 1434 2405 monophyllum,
1479 2335 1562 2385 fis·

45 2424 174 2464 sum,
220 2409 506 2474 spinosum,
546 2410 844 2464 connivens,
894 2408 1087 2454 demum
1122 2407 1424 2459 induratum,
1459 2403 1560 2468 spi-

44 2474 180 2521 culas
228 2484 368 2522 1—-4
408 2473 682 2521 includens.
763 2473 913 2536 Calyx
952 2471 1209 2536 biglumis,
1271 2469 1561 2518 chartaceus

44 2538 121 2588 vel
154 2538 449 2596 herbaceus,
494 2538 791 2604 inaequalis,
836 2537 1058 2586 bissorus.
1137 2533 1394 2584 Flosculus
1434 2533 1559 2580 infe-

44 2604 149 2651 rior
180 2604 257 2651 vel
281 2617 454 2652 neuter
487 2617 537 2652 et
565 2605 826 2661 univaJvis,
874 2603 949 2651 vel
978 2601 1221 2650 masculus
1257 2611 1305 2647 et
1335 2599 1557 2655 bivalvis,

46 2668 316 2729 herbaceus
326 2673 356 2732 3'
381 2671 605 2734 superior
641 2669 1097 2735 hermaphroditus,
1142 2665 1369 2722 bivalvis‚
1416 2664 1558 2712 char-

44 2745 234 2791 taceus,
286 2752 399 2783 cum
445 2736 608 2782 fructu
647 2736 979 2783 indurascens.
1063 2730 1331 2780 Lodiculae
1376 2729 1556 2776 nullae.

44 2799 173 2864 styli
217 2800 327 2849 basi
372 2802 587 2851 connati.
668 2801 934 2868 Caryopsis
977 2809 1288 2855 mucronata,
1347 2793 1555 2845 flosculo

39 2875 186 2913 tecta.
888 2889 891 2892 -
