1788 3183
321 425 837 473 PRUDEN'PII
903 425 1355 478 AMARALII

589 532 1078 575 BRASILIENSIS

190 632 308 680 DE
375 631 921 681 SACCHARI
984 632 1480 684 OPIFICIO

504 732 1179 808 GARMEN.

89 895 320 965 Brasiliae
352 928 548 971 segetes,
579 916 850 973 hyblaeoque
881 916 1044 958 aemula
1073 918 1191 958 melli

88 992 318 1036 Sambana,
371 989 617 1028 arundineis
660 989 863 1028 stillantia
906 987 1105 1028 sacchara
1143 988 1267 1028 nodis

90 1064 205 1104 Hinc
237 1075 388 1102 canere
420 1059 663 1113 aggredior.
720 1062 857 1100 Notos
885 1059 1000 1113 juvat
1029 1059 1094 1100 ire
1124 1073 1204 1113 per
1234 1074 1378 1114 agros,

88 1137 145 1174 Et
175 1133 336 1187 patrios
368 1139 482 1170 certa
512 1130 727 1169 moderari
756 1129 854 1183 lege
884 1130 1060 1170 colonos
1079 1159 1089 1178 ,

93 1207 179 1245 Seu
209 1210 384 1244 canneta
415 1208 583 1246 serant,
615 1199 702 1239 aIio
734 1213 809 1239 seu
841 1210 1036 1253 tempore
1067 1213 1222 1241 cannas

93 1273 331 1326 Subjiciant
361 1271 520 1323 prelis,
553 1284 841 1325 expressaque
871 1271 1068 1311 sacchara
1097 1280 1282 1325 purgent

91 1345 426 1395 Addensentque
472 1341 592 1394 igni3
633 1355 708 1380 seu
747 1341 830 1394 jam
871 1341 1044 1382 densata
1083 1353 1343 1397 repurgent‚

91 1418 148 1456 Et
178 1414 303 1454 niveo
334 1411 503 1452 tandem
535 1421 689 1465 cogant
720 1411 1021 1465 splendescere
1053 1412 1184 1452 cultu.

204 1483 427 1535 Principio
461 1496 567 1536 quae
599 1491 714 1521 terra
743 1482 853 1523 serat
875 1512 885 1532 ,
929 1496 1037 1538 quae
1083 1483 1194 1523 culta
1233 1496 1404 1528 recuset

96 1557 332 1596 Cannarum
364 1562 555 1607 segetes,
588 1561 684 1592 ante
716 1553 940 1606 explorare
971 1563 1209 1603 memento,

97 1629 235 1690 Quam
278 1634 348 1664 tua
390 1625 614 1677 inexperto
653 1625 873 1664 commitas
913 1625 1074 1664 semina
1119 1638 1284 1679 campo.

96 1700 189 1738 Nec
232 1710 407 1750 magnus
452 1695 656 1733 didicisse
707 1694 852 1744 labor3
890 1710 985 1734 nam
1029 1695 1154 1749 gleba
1198 1697 1343 1736 colore
1404 1702 1418 1709 ‘

97 1768 304 1808 Proditnr
335 1767 424 1819 ipsa
457 1779 547 1804 suo.
607 1765 761 1804 Cannis
794 1765 876 1804 erit
906 1766 976 1804 illa
1005 1765 1198 1805 ferendis

99 1839 298 1892 Optima,
329 1835 511 1875 tentanti
541 1848 649 1890 quae
680 1843 800 1888 terga
829 1835 1041 1889 nigrantia
1071 1837 1230 1888 passim

95 1908 376 1950 Praebuerit:
407 1907 502 1946 tuto
532 1905 688 1945 rubrae
719 1914 763 1944 tu
793 1904 948 1945 deinde
980 1907 1186 1946 secundas

98 1979 238 2020 Defer
265 1979 422 2018 humo:
456 1977 649 2017 sterilem
679 1976 869 2016 immixta
899 1976 1115 2017 damnabis
1147 1992 1287 2018 arena.

101 2051 187 2090 Sed
217 2050 360 2104 nigra,
397 2057 438 2088 et
469 2047 614 2087 sabulo
647 2047 727 2086 tibi
757 2047 894 2086 sicubi
924 2048 1046 2102 gleba
1075 2050 1218 2088 tenaci

102 2120 340 2168 subrubet,
383 2118 496 2158 haud
526 2132 700 2173 usquam
731 2117 884 2158 melius
915 2120 1126 2161 succrevit
1157 2121 1342 2169 arundo,

99 2193 157 2231 Et
186 2190 314 2244 longa
346 2189 552 2244 explicuit
580 2188 716 2229 nodos
746 2188 921 2228 felicius
949 2189 1082 2230 hasta.

107 2264 164 2302 At
194 2274 322 2308 cave,
355 2260 390 2299 si
420 2273 632 2314 propere,
664 2259 731 2299 vel
764 2259 800 2299 si
831 2260 1040 2313 prolixior
1068 2274 1234 2316 aequo,

107 2331 367 2371 Luxuriante
399 2330 520 2378 solo,
553 2343 677 2384 seges
708 2330 836 2379 exiit,
869 2330 986 2371 ilicet
1014 2345 1185 2372 omnem

108 2406 218 2443 Rem
247 2402 329 2442 tibi
362 2401 600 2441 consectam
629 2409 731 2441 voto
763 2402 947 2455 grateris
977 2401 1108 2440 inani.

107 2472 232 2512 Heu!
265 2472 371 2511 male
401 2481 518 2511 terra
547 2471 667 2511 ferax
697 2472 811 2511 vires
841 2480 940 2511 tunc
971 2473 1110 2512 exerit
1129 2501 1140 2521 ,
1171 2480 1215 2512 et
1245 2486 1290 2511 se

109 2545 296 2583 Foetura
328 2541 370 2580 in
403 2542 540 2595 prima
571 2541 774 2581 diffundit
801 2542 962 2596 largius
991 2542 1162 2582 humor.

110 2616 177 2653 Tu
208 2613 299 2652 sine
330 2621 619 2662 mansuescat3
653 2612 771 2660 sine,
802 2612 864 2653 vis
894 2613 1112 2653 deferveat
1143 2612 1243 2660 illa,

111 2687 251 2736 Atque
293 2683 378 2723 alio
416 2683 535 2734 prius
575 2682 736 2735 injecto
775 2683 841 2723 fac
887 2683 1078 2731 semine,
1120 2697 1290 2737 campus

112 2755 328 2807 Sylvestre
357 2754 603 2807 ingenium,
636 2762 679 2793 et
710 2767 874 2794 morem
904 2754 1090 2808 deponat
1121 2762 1348 2806 agrestem.

109 2825 187 2866 Ille
217 2824 389 2878 impune
419 2823 500 2863 tibi
530 2823 651 2878 prius
681 2833 753 2866 aut
781 2824 973 2868 lasciviat
1000 2823 1149 2865 herbis
1168 2853 1180 2874 ‚

173 2919 328 2950 nona
359 2918 542 2949 nnasn„
584 2902 641 2950 ΙΙ.
1055 2909 1118 2955 37
