1788 3183
576 184 854 225 GnAmmmE.
915 184 1077 226 Onvzi.
1495 196 1576 238 519

81 305 286 359 pallidae:
330 305 578 357 superiores
606 305 872 345 convolutae.
945 306 1094 359 Ligula
1127 317 1319 358 exserta,
1365 311 1571 352 membra-

81 369 210 400 nacea
229 390 238 406 ,
273 360 478 413 oblonga,
518 369 661 408 acuta,
693 361 737 399 in
763 362 939 414 vaginae
961 362 1170 416 margines
1198 366 1449 416 decurrens,
1482 369 1571 421 gri-

83 431 165 455 sea.
223 416 346 456 Folia
373 416 576 464 linearia,
609 417 865 463 acuminata,
899 417 1066 466 stricta,
1097 418 1123 458 3
1149 418 1281 459 lineas
1315 421 1416 470 lata,
1457 424 1569 462 radi-

81 472 187 511 calia
231 485 328 510 cum
364 472 530 525 vaginis
575 470 727 522 rag—3
770 472 902 525 pedes
940 473 1088 526 longa,
1143 475 1303 516 culmea
1349 478 1570 530 superiora

76 528 303 575 breviora,
366 528 507 566 onmia
560 528 816 579 planiuscula
835 557 844 573 ‚
905 531 1240 581 septemnervia‚
1298 541 1414 571 costa
1470 534 1568 572 sub·

78 593 146 623 tus
174 582 447 635 prominente
482 596 621 622 crassa
652 584 804 623 obtuse
829 584 1040 633 carinata,
1072 585 1347 636 laeviuscula‚
1380 589 1571 642 margine

79 639 248 686 scabra,
296 638 702 692 subglaucesccntia.
770 639 971 679 Panicula
1003 654 1219 681 racemosa
1245 643 1433 695 pedalis,
1478 645 1568 684 basi

80 696 229 748 vagina
269 707 467 747 suprema
502 695 710 741 involuta,
754 695 901 734 rhachi
936 696 1146 751 ramisque
1183 697 1569 752 3—4-pollicari-

78 751 155 789 bus
172 750 347 789 alternis
365 750 437 790 vel
458 750 751 803 suboppositis
770 752 1068 805 appressisque
1091 753 1239 805 rigidis
1263 756 1428 794 undatis
1445 765 1567 795 acute

79 806 304 860 triquetris
327 805 505 845 scabris.
564 807 799 845 Pedunculi
825 808 868 845 in
895 808 1023 846 ramis
1051 807 1229 857 alterni,
1260 810 1478 863 adpressi,
1509 812 1570 850 ri-

79 863 166 914 gidi
185 892 195 910 ,
234 862 752 915 compresso-triquetri3
792 862 956 911 scabri,
998 863 1120 915 apice
1143 874 1240 916 post
1267 867 1455 918 spiculae
1481 867 1569 920 lap-

80 932 170 957 sum
215 918 408 971 margine
454 916 860 957 submembranaceo
908 919 1106 971 angulato
1163 920 1569 974 subquadridentato

81 984 229 1013 erecto
264 973 465 1026 papillam
495 974 677 1012 mediam
714 973 1000 1012 circumdante
1034 974 1187 1014 cincto.
1256 977 1423 1028 Spicula
1453 978 1565 1017 nodo

79 1029 254 1069 solubili
281 1030 455 1069 inserta.
515 1029 692 1067 Glumae
724 1028 983 1080 perbreves:
1016 1029 1197 1069 inferior
1221 1032 1379 1084 major,
1412 1032 1569 1072 lineam

77 1095 216 1124 tamen
240 1086 309 1125 vix
338 1098 566 1138 superans,
612 1099 635 1124 e
655 1084 746 1123 basi
783 1083 950 1123 dilatata
976 1086 1175 1140 utrinque
1198 1087 1299 1125 uni·
1329 1090 1394 1128 vel
1419 1089 1568 1128 biden-

77 1152 159 1181 tala
193 1142 336 1180 subito
362 1140 406 1179 in
437 1140 630 1179 subulam
658 1140 887 1179 carinatam
920 1141 1170 1181 uninervem
1201 1144 1390 1195 margine
1425 1158 1567 1183 serru-

78 1197 393 1238 lato-scabram
419 1197 680 1245 acuminata3
712 1196 911 1248 superior
935 1196 1059 1249 paulo
1088 1197 1251 1246 minor,
1298 1212 1320 1237 e
1346 1200 1434 1238 basi
1463 1200 1567 1238 ‹lila-

79 1263 162 1292 tata
182 1255 403 1308 alteroque
427 1253 559 1292 latere
582 1261 772 1292 truncata
795 1252 967 1306 oblique
993 1254 1226 1293 acuminata
1248 1262 1290 1292 et
1311 1254 1411 1294 hinc
1434 1256 1566 1294 inter-

77 1309 175 1348 dum
198 1309 367 1349 inferne
393 1308 518 1349 dente
538 1317 671 1348 aucta.
730 1308 907 1349 Valvula
936 1308 1117 1349 inferior
1147 1309 1238 1362 ipsa
1265 1311 1436 1364 quidem
1459 1310 1568 1360 3-4

75 1366 210 1405 lineas
250 1366 398 1419 longa,
443 1364 865 1418 obeunte-trigona,
915 1365 1051 1403 anlice
1086 1365 1320 1413 fornicata,
1369 1367 1565 1415 carinata,

74 1422 230 1474 pallida
248 1451 258 1467 ‚
290 1421 650 1475 quinquenervis‚
683 1422 732 1459 ad
756 1434 909 1459 nervos
930 1420 1101 1468 scabra,
1134 1430 1220 1460 tum
1242 1435 1345 1461 vero
1367 1423 1410 1461 in
1440 1424 1567 1462 subu·

75 1478 156 1516 lam
181 1491 363 1517 crassam
394 1488 554 1516 rectam
583 1476 815 1516 fistulosam
847 1476 1098 1530 triquetram
1126 1477 1361 1518 trinervem
1389 1478 1439 1518 ad
1468 1492 1565 1518 ner—

75 1548 151 1572 vos
176 1533 365 1572 scabram
387 1532 875 1580 herbaceo-virentem,
914 1532 1165 1585 pollicarem
1190 1534 1307 1580 sere,
1369 1543 1567 1573 extenua-

75 1601 170 1638 tu1·;
216 1590 376 1630 valvula
413 1589 611 1642 superior
646 1587 910 1635 3-linearis,
958 1589 1170 1637 castanea,
1216 1590 1566 1630 lanceolam-tri-

75 1655 248 1700 quetra,
304 1645 542 1694 fornicata,
613 1644 834 1691 trinervis,
888 1644 939 1682 ad
976 1657 1130 1686 nervos
1162 1645 1336 1691 scabra,
1388 1646 1431 1684 in
1469 1659 1564 1685 cau·-

75 1704 168 1741 dam
210 1710 429 1754 angustam
468 1702 632 1754 planam
674 1700 795 1753 apice
844 1699 1105 1739 bidentatam
1163 1699 1206 1751 ιζ
1265 1701 1418 1740 lincam
1474 1702 1567 1741 lon-

73 1772 167 1811 gam
207 1757 388 1796 viridem
422 1757 610 1796 scabram
657 1764 887 1795 contracta.
961 1755 1164 1794 Lodicula
1203 1770 1310 1803 una,
1357 1758 1563 1804 anterior,

72 1814 415 1860 membranacea,
461 1812 714 1858 obem-data,
755 1811 1036 1865 complicata,
1077 1811 1189 1850 lobis
1215 1812 1393 1853 obtusis.
1452 1813 1565 1852 Fila-

73 1879 210 1908 menla
234 1869 315 1919 (6.)
343 1868 575 1908 filiformia.
637 1869 822 1908 Get-men
856 1867 1111 1922 oblongum,
1151 1868 1271 1920 apice
1303 1876 1564 1919 [runcatum3

74 1926 171 1978 styli
199 1925 354 1965 breves
378 1934 420 1964 et
446 1926 642 1978 stigmata
670 1938 812 1978 sparsa
834 1923 939 1960 alba.

182 1993 362 2036 Habitat
413 1994 456 2034 in
513 1991 754 2045 confinibus
803 1993 926 2046 regni
970 1990 1290 2047 Paragnay'ani
1327 1999 1368 2031 et
1399 1991 1441 2031 in
1480 1991 1562 2032 Rio

71 2052 237 2102 grande
266 2051 319 2092 do
359 2049 460 2100 Sul,
503 2050 605 2090 locis
635 2049 869 2105 paludosis.
928 2047 1122 2100 (Sellow.
1153 2072 1207 2078 -—
1246 2047 1338 2089 Vidi
1361 2048 1403 2086 ιή
1429 2045 1559 2087 Herb.

68 2106 177 2158 Reg.
211 2105 382 2160 Berol.)
442 2105 529 2159 ΘΞ)

180 2179 374 2219 Αᾰῃοῑ.
432 2179 502 2220 Ob
532 2177 790 2231 singularem
825 2174 1014 2227 spiculae
1038 2174 1216 2214 formam
1246 2173 1315 2214 vix
1345 2174 1559 2227 Oryzae

69 2234 286 2274 sativae
316 2235 594 2275 varietatibus
625 2232 887 2272 accensenda
918 2239 995 2269 est.

182 2304 415 2346 Observ.
474 2307 629 2345 Nostra
655 2317 780 2358 quum
810 2302 940 2341 altera
969 2301 1050 2353 jam
1085 2299 1163 2351 sit,
1206 2313 1329 2353 quam
1359 2301 1559 2353 cognovi-

70 2375 184 2408 mus,
230 2361 394 2414 specics
426 2361 648 2401 Americae
692 2359 915 2411 indigena,
961 2368 1100 2409 neque
1130 2355 1182 2393 (lc
1213 2368 1308 2393 vcra
1341 2355 1556 2406 Oryzac

70 2418 289 2456 sativae
319 2418 455 2470 patria
496 2418 727 2472 quidquam
756 2421 952 2457 constet,
993 2413 1043 2451 ad
1069 2411 1120 2450 cl.
1152 2410 1400 2449 Brownii
1432 2424 1556 2465 regu-

66 2473 146 2513 lam
172 2473 412 2513 Americam
437 2482 480 2514 et
506 2473 684 2513 eandem
709 2470 906 2524 genuisse
937 2468 1050 2508 foret
1081 2465 1387 2520 accipiendum.
