1788 3183
77 131 357 172 Gnammmu.
431 125 724 167 osssnnvuxo
758 135 1012 165 Gssoroch
1041 137 1096 171 m*
1128 117 1425 167 oeconomos.
1494 127 1575 174 575

70 248 282 290 fructibus
306 245 558 286 cerevisiam
578 253 770 297 pararet,
813 251 858 282 ut
880 257 932 282 ne
963 256 1098 296 porro
1132 257 1226 283 esse
1251 244 1334 286 hoc
1363 255 1465 300 potu
1489 249 1575 288 An-

69 306 152 360 glis
181 303 404 344 tributaria
431 309 674 355 cogeretur.
1577 313 1579 315 ·

179 359 457 398 Triticum
497 369 727 408 repens,
772 352 886 408 quod
917 354 962 392 in
998 355 1178 393 maxime
1215 357 1471 397 australibus
1506 373 1573 398 re-

70 415 271 469 gionibus
301 413 509 452 Brasiliae
534 426 587 451 ex
610 413 782 463 Europa
816 409 976 448 illatum
1004 419 1154 462 sponte
1189 422 1448 464 propagatur
1467 443 1477 460 ,
1529 416 1572 454 in

71 471 248 510 eosdem
278 483 400 516 usus,
452 482 561 522 quos
598 467 708 519 apud
744 479 821 504 nos
857 474 897 504 et
936 466 979 504 in
1020 466 1239 505 Lusitania
1280 469 1380 516 (ubi
1411 467 1573 508 Grama

69 526 148 565 das
191 524 353 563 boticus
396 522 450 560 da
496 521 664 565 Franca
703 522 898 568 vocatur)
939 530 1148 574 praestat,
1192 522 1390 563 adhiberi
1416 534 1571 578 potest.

70 583 376 620 Decoctum
418 578 702 620 Graminis
744 586 808 615 est
840 585 965 629 potus
998 578 1352 631 mucilaginosus,
1405 583 1575 634 sangui-

69 650 166 687 nem
205 645 407 675 tenuans.
453 635 719 674 irritationes
756 633 1006 677 emolliens,
1045 632 1206 687 fitque,
1239 635 1274 673 si
1301 635 1572 689 inspissetur,

71 692 312 745 Mellago
345 692 462 729 mitis
483 720 492 737 ,
524 690 768 735 involvens,
801 688 1045 734 resolvens,
1079 704 1202 742 quam
1228 690 1282 729 ob
1305 706 1396 730 rem
1419 693 1462 731 in
1487 707 1573 732 ma-

71 748 223 789 teriam
251 747 457 786 Brasiliae
483 746 690 785 medicam
714 744 805 796 jure
834 744 972 797 recipi
1003 753 1159 796 potest.
1219 748 1421 799 Ejusdem
1449 748 1573 800 plane

71 818 170 844 usus
202 814 285 847 est,
339 803 400 840 uti
436 802 517 854 jam
558 816 683 854 supra
717 803 777 852 (p.
816 799 933 847 331.)
968 801 1234 848 notavimus,
1277 804 1395 842 radix
1432 808 1574 844 Ana-

74 860 227 900 theri
259 859 547 903 bicornis,
581 855 733 896 incolis
771 853 1136 908 &tumim-saeba
1167 857 1284 896 dicti.

181 917 231 956 V.
283 915 388 953 Sunt
418 923 639 965 praeterea
674 912 875 950 nonnulla
918 912 1104 963 gramina
1132 913 1174 950 in
1202 916 1404 967 Europae
1444 915 1574 956 terris

68 971 390 1012 australioribus
439 971 572 1016 culta,
623 981 730 1023 quae
777 967 920 1019 paucis
964 967 1062 1007 heic
1108 970 1290 1008 notanda
1336 970 1570 1011 habemus:

75 1028 490 1079 Trachypogon
532 1036 837 1064 avenaceus
873 1022 1078 1073 (Sorglto)
1111 1033 1154 1063 et
1187 1026 1452 1065 Panicum
1482 1029 1575 1067 mi·-

72 1084 311 1123 liaceum
359 1080 524 1128 (nlilho
555 1079 697 1119 mindo
734 1079 799 1117 vel
827 1076 1028 1134 Ριιίηςο.)
1088 1080 1209 1118 Illum
1240 1082 1433 1134 pluribus
1464 1083 1574 1124 locis

74 1140 204 1178 veluti
257 1147 534 1191 spontaneum
598 1136 765 1182 inveni,
825 1137 944 1189 quasi
987 1150 1038 1174 ex
1083 1136 1335 1176 colonorum
1387 1141 1575 1192 praediis

73 1194 320 1248 aufugisset.
391 1196 511 1232 Anne
546 1206 598 1232 ex
630 1194 802 1243 Europa
834 1192 898 1230 vel
931 1205 984 1230 ex
1018 1192 1162 1231 Africa
1201 1193 1340 1232 illatus
1377 1196 1457 1241 sit,
1508 1196 1573 1249 ig-

72 1265 195 1290 noro.
257 1249 518 1288 Panicum
547 1248 862 1286 miliaceurn
895 1248 937 1285 in
966 1249 1200 1300 provinciis
1218 1249 1573 1291 meridionalibus

71 1306 227 1360 passim
250 1306 433 1351 colitur,
467 1305 542 1344 sed
574 1304 743 1356 parvula
769 1303 904 1355 copia.

185 1363 258 1403 Vt.
305 1362 395 1400 Jam
428 1361 597 1400 unicum
627 1359 739 1413 quod
769 1359 820 1398 de
851 1359 1083 1411 graminum
1109 1374 1186 1398 usu
1223 1369 1264 1399 et
1287 1360 1452 1400 cultura
1490 1370 1576 1402 tra-

76 1418 209 1458 ctanti
258 1426 419 1463 restat,
460 1419 506 1455 ad
544 1425 661 1469 prata
700 1410 915 1468 pertinet,
968 1416 1127 1481 quippe
1158 1429 1266 1469 quae
1300 1417 1344 1455 in
1369 1418 1575 1471 majorum

75 1473 245 1513 urbium
270 1473 426 1511 vicinia
457 1483 545 1511 arte
571 1474 758 1524 plantare
790 1485 878 1510 mos
905 1481 995 1517 est,
1042 1481 1087 1510 ut
1118 1472 1280 1510 recenti
1310 1473 1441 1513 herba
1473 1475 1577 1529 equi

77 1540 117 1569 ct
150 1529 330 1569 subinde
357 1529 541 1579 pecudes
570 1542 739 1581 quoque
786 1541 879 1564 nam
910 1526 1025 1565 foeni
1062 1528 1105 1565 in
1139 1528 1319 1566 Brasilia
1353 1544 1453 1568 usus
1489 1545 1576 1570 non

80 1588 164 1632 est)
208 1594 502 1638 pascerentur.
574 1586 738 1622 Horum
777 1596 880 1621 vero
914 1583 1147 1634 gvffluinum
1181 1585 1370 1623 omnium
1401 1586 1577 1625 notissi-

72 1656 185 1679 mum
210 1650 272 1679 est
296 1640 399 1678 illud
431 1640 692 1678 Panicum
727 1639 1075 1690 spectabile,
1109 1654 1140 1677 s.
1174 1638 1371 1691 Cau-pim
1401 1640 1452 1679 de
1480 1643 1577 1681 An·

73 1695 176 1750 goln
207 1696 360 1735 incolis
381 1726 390 1743 ,
436 1696 576 1750 quod,
626 1709 753 1748 quum
787 1695 829 1733 in
861 1708 932 1732 se<
966 1704 1180 1747 septemve
1211 1697 1365 1748 pedum
1389 1697 1578 1737 altitudi-

73 1766 170 1791 nem
209 1753 446 1793 increscat.
501 1760 542 1790 et
579 1753 689 1789 mole
728 1760 769 1790 et
809 1751 1039 1789 culmorum
1071 1751 1360 1806 foliorumque
1393 1755 1575 1794 mollitie

73 1821 288 1862 succoque
314 1822 406 1846 sese
430 1808 693 1846 commendst
732 1816 859 1859 atque
885 1806 933 1844 ab
971 1806 1083 1844 omni
1124 1820 1283 1860 pecore
1321 1809 1433 1847 inter
1466 1810 1575 1849 deli-

73 1864 151 1903 ciis
182 1863 375 1902 habetur.
436 1865 514 1902 Cui
538 1863 717 1901 colendo
753 1862 1099 1913 Sebastianopoli
1132 1872 1173 1901 et
1201 1864 1448 1917 Soteropoli
1482 1867 1574 1919 plu·

71 1934 142 1958 res
172 1920 322 1958 rustici
363 1919 657 1970 operamdant
690 1919 799 1956 lucri
827 1932 972 1963 causa,
1018 1919 1131 1972 quod
1170 1919 1286 1958 sicco
1316 1923 1574 1972 praesertim

70 1984 292 2027 tempore,
328 1974 424 2012 dum
448 1988 600 2014 recens
634 1989 712 2026 pro
739 1974 900 2025 pecude
926 1974 1118 2026 pabulum
1158 1989 1297 2014 rarum
1326 1976 1399 2024 fit,
1445 1978 1575 2016 multa

73 2031 254 2084 pecunia
281 2030 516 2070 venditent.
584 2031 798 2069 Convenit
831 2045 935 2069 vero
967 2030 1064 2067 huic
1090 2031 1280 2082 plantae,
1326 2032 1439 2086 quod
1470 2048 1571 2086 prae

72 2087 280 2134 caeteris,
325 2084 535 2138 Cau-pilu
567 2086 616 2135 (i.
647 2099 682 2125 e.
718 2085 813 2124 folii
854 2086 1023 2124 humilis
1068 2100 1099 2124 s·
1137 2088 1361 2139 graminis)
1397 2091 1572 2128 nomine

72 2142 266 2184 salutant,
294 2141 448 2181 fundus
474 2142 686 2194 irriguus,
729 2151 841 2180 terra
868 2142 1019 2189 soluta,
1049 2143 1168 2195 nigra
1188 2172 1197 2185 ,
1241 2143 1403 2194 dulci33
1444 2155 1570 2199 atque

74 2212 127 2237 eo
164 2197 349 2236 nobilior
385 2197 743 2251 frequentiorque
784 2197 944 2236 ibidem
981 2198 1065 2236 erit
1101 2199 1303 2250 graminis
1340 2201 1571 2253 vegetatio,

71 2268 155 2308 quo
197 2253 372 2292 facilior
409 2253 576 2304 rigatio.
635 2252 816 2292 Paludes
850 2254 982 2306 igitur
1005 2255 1173 2306 saepius
1193 2254 1242 2292 ab
1271 2255 1424 2294 incolis
1459 2256 1572 2296 hunc

70 2309 114 2347 in
140 2308 266 2347 linem
298 2308 541 2361 eliguntur,
592 2322 700 2362 quae
734 2317 898 2352 tamen,
940 2308 1216 2361 serpentibus
1259 2320 1301 2350 et
1339 2312 1570 2351 crocodilis

68 2365 318 2417 saepissime
345 2364 520 2410 foedae,
556 2378 609 2403 ne
637 2364 876 2404 laborantes
904 2364 1062 2403 ibidem
1096 2365 1280 2418 nigritae
1311 2367 1454 2406 talium
1482 2369 1571 2407 ani·

70 2421 237 2459 mallum
263 2433 467 2472 aggressu
502 2418 872 2471 periclitarentur,
917 2420 967 2458 ab
1002 2421 1127 2459 initio
1154 2421 1301 2461 sedulo
1330 2422 1383 2462 iis
1413 2437 1568 2475 expur-

69 2476 231 2528 gandae
255 2485 363 2514 suut.
423 2474 613 2514 Elicibus
643 2476 774 2529 igitur
796 2475 991 2514 nonnihil
1018 2477 1290 2516 exsiccentur
1316 2488 1357 2516 et
1382 2478 1432 2517 ab
1455 2479 1572 2519 omni

69 2533 242 2571 arbusto
273 2541 533 2584 purgentur,
572 2545 656 2585 quo
690 2531 801 2570 facto
838 2531 1137 2585 ingruentibus
1169 2533 1321 2584 pluviis
1350 2535 1566 2575 mensibus

67 2586 178 2626 haud
211 2596 399 2625 semente
439 2587 516 2626 sed
558 2587 682 2625 taleis
718 2587 825 2625 illud
860 2600 1032 2639 gramen
1077 2588 1264 2639 plantare
1308 2589 1462 2629 incolis
1499 2605 1568 2629 so-

68 2642 208 2681 lemne
242 2652 320 2682 est.
392 2642 619 2694 Peragitur
650 2656 752 2681 vero
789 2643 892 2681 haec
932 2643 1138 2695 plantatio
1173 2658 1255 2691 eo,
1308 2645 1423 2699 quod
1457 2645 1566 2690 alter

12 2714 14 2716 ·
68 2711 221 2737 servus
245 2699 385 2737 sulcos
409 2697 574 2736 dimidii
608 2697 732 2750 pedis
770 2698 990 2737 altitudine
1024 2698 1216 2746 deducit,
1260 2700 1367 2740 alter
1405 2711 1567 2742 stercus

65 2753 232 2805 injicit,
272 2753 512 2807 leviterque
538 2763 696 2793 terram
729 2754 938 2807 inspargit
955 2783 966 2800 ,
1008 2756 1160 2794 tertius
1183 2755 1312 2794 taleas
1334 2757 1456 2808 ponit
1479 2766 1566 2797 ter-

67 2823 200 2864 raque
231 2809 401 2860 obruit3
443 2810 486 2847 in
523 2821 607 2863 quo
643 2822 775 2864 opere
805 2809 1050 2865 peragendo
1085 2810 1147 2850 nil
1187 2820 1410 2864 praeterea
1445 2826 1545 2866 spec
