1788 3183
148 173 202 215 10
756 168 1037 208 Gniamixsslm.

146 290 300 337 altero
325 288 476 336 latere
501 288 564 334 ad
588 287 730 335 basin
763 306 918 352 usque
948 289 1080 343 fissa,
1119 287 1273 333 rarius
1305 304 1360 333 ex
1390 301 1542 352 parte,
1580 289 1655 336 vel

147 389 252 424 tota
287 375 415 432 fere,
462 375 950 431 tubuloso-coalita,
997 375 1136 438 apice
1172 375 1435 421 introrsum
1468 374 1658 437 ligula

146 463 298 527 magis
334 463 554 508 minusve
589 462 823 508 distincta
858 473 1026 516 aucta,
1093 460 1306 524 pilorum
1349 478 1494 525 saepe
1530 462 1656 507 serie

144 552 352 615 stipata,
391 549 454 594 ad
488 548 641 594 latera
677 548 825 594 etiam
859 547 1126 593 auriculam
1162 547 1237 593 vel
1271 547 1501 604 barbata,
1554 548 1657 594 cul-

143 655 275 685 mum
309 647 442 682 arete
476 634 551 682 vel
587 634 693 680 laxe
724 635 1075 699 amplectente,
1142 635 1356 682 rariusve
1393 635 1454 681 ab
1489 652 1547 681 eo
1584 635 1657 681 di-

141 735 384 787 vergente.
480 721 687 766 Lamina
722 721 827 768 solii
858 722 909 767 in
944 721 1167 785 plurimis
1206 735 1432 784 angusta,
1486 722 1657 769 filisor-

141 812 259 868 mis,
310 808 560 864 subulata,
609 808 833 866 linearis,
887 808 1439 856 cuneato-laneeolata
1492 827 1576 856 seu
1628 826 1654 854 e

139 898 249 945 basi
284 896 476 961 apicem
509 913 677 945 versus
713 897 893 942 sensim
938 908 1185 942 attenuata
1235 896 1526 958 (saseialis)‚
1579 914 1656 942 ra-

140 985 303 1031 riusve
337 999 448 1031 vere
482 983 782 1038 lanceolata,
833 982 1046 1045 oblonga
1079 983 1154 1028 rel
1191 995 1355 1038 ovata,
1410 982 1656 1047 paralleli-

138 1070 329 1127 nervis,
367 1070 529 1118 nervis
566 1070 713 1116 rectis
750 1069 826 1116 vel
862 1069 1046 1124 curvis,
1086 1070 1374 1133 aequalibus
1411 1069 1654 1125 tenuibus,

142 1170 283 1205 costa
314 1156 477 1203 media
512 1155 707 1203 fortiori
741 1155 952 1220 pallida,
1006 1155 1090 1201 ubi
1125 1156 1306 1202 lamina
1341 1173 1485 1220 saepe
1522 1171 1655 1202 eom-

137 1243 611 1310 plicato-carinam.
680 1243 924 1305 Margines
953 1242 1186 1288 foliorum
1222 1244 1272 1288 in
1307 1243 1545 1307 plurimis,
1582 1242 1654 1288 fa-

140 1332 242 1379 cies
271 1347 444 1394 saepe,
480 1330 698 1378 scabrae.
766 1330 977 1376 Accedit
1002 1330 1232 1375 hirsuties
1262 1330 1393 1377 varia
1416 1331 1467 1376 in
1489 1329 1650 1384 nodis,

139 1417 327 1482 vaginis
363 1417 624 1480 foliisque,
668 1416 826 1462 rarius
863 1417 913 1462 in
948 1416 1057 1481 ipso
1094 1418 1268 1464 culmo.

269 1503 637 1550 Inssoreseentia
692 1503 988 1566 graminum,
1052 1504 1144 1550 rite
1197 1521 1304 1550 eam
1348 1505 1390 1550 si
1439 1513 1647 1568 spectes,

139 1593 317 1661 spica
353 1602 449 1647 est,
495 1606 652 1653 eaque
687 1606 939 1654 nunquam
975 1590 1202 1654 simplex,
1253 1591 1340 1637 sed
1375 1590 1651 1654 composita

137 1682 212 1730 vel
249 1662 617 1742 deeompbsita,
671 1689 778 1733 aut,
838 1677 1120 1740 ubieunque
1162 1678 1394 1741 partiales
1432 1676 1649 1740 spiculae

137 1765 429 1834 pedunculis
467 1764 772 1827 simplicibus
809 1763 1159 1827 compositisve
1194 1764 1459 1826 gaudeant,
1515 1779 1651 1808 raee-

137 1871 277 1903 mosa
310 1852 387 1899 vel
419 1850 727 1915 paniculata,
779 1862 853 1895 est.
889 1850 1017 1895 enim
1052 1862 1199 1913 typus
1236 1850 1455 1897 florentis
1488 1848 1650 1912 spicu-

138 1943 213 1990 lae
250 1939 475 1987 foliolum
510 1936 757 1983 bracteale
795 1936 980 1998 (gluma
1016 1954 1099 1982 seu
1127 1938 1315 1983 valvula
1342 1937 1535 1983 flosculi
1566 1954 1649 1981 cu-

135 2030 311 2094 jusque
358 2022 608 2085 inferior),
670 2023 720 2068 in
758 2022 901 2068 axilla
946 2023 1114 2069 fovens
1151 2025 1388 2069 ramulum
1420 2023 1651 2070 brevissi-

138 2134 294 2171 mum,
332 2112 557 2159 foliolum
590 2110 836 2156 bracteale
875 2110 1142 2173 superioris
1177 2111 1391 2165 ordinis,
1430 2127 1540 2156 eum
1575 2109 1651 2154 axi

140 2202 429 2254 conflatum,
485 2197 634 2262 idque
679 2196 755 2242 vel
800 2214 980 2243 novum
1026 2197 1282 2243 flosculum
1325 2197 1526 2260 gignens
1575 2195 1650 2241 vel

138 2291 349 2338 liberum
400 2297 545 2349 atque
597 2281 683 2346 (in
729 2281 985 2348 pluribus)
1037 2283 1429 2329 fructificationis
1481 2294 1647 2347 partes

138 2377 361 2425 axillares
396 2385 594 2434 tegens,
643 2382 1010 2417 sustentantem.
1079 2370 1145 2415 At
1179 2387 1319 2425 vero,
1376 2388 1487 2416 eum
1519 2370 1647 2414 hanc

136 2463 420 2510 ulteriorem
465 2457 837 2505 Graminearum
890 2457 1304 2502 inssoreseentiam
1359 2456 1648 2521 spiculae

140 2551 215 2600 vel
249 2549 538 2597 locustae
584 2544 782 2591 nomine
823 2543 922 2608 jam
964 2543 1100 2589 floris
1145 2543 1257 2589 loco
1300 2560 1485 2606 ponere
1531 2560 1647 2588 con-

140 2635 464 2690 sueverimus,
503 2631 805 2697 spicularum
829 2630 879 2675 in
906 2647 1212 2676 communem
1239 2629 1648 2675 inflorescentiam

141 2721 519 2787 dispositionem
561 2718 712 2765 solito
751 2734 887 2764 more
933 2716 1204 2780 dijudicare
1248 2716 1321 2761 fas
1366 2727 1464 2770 est,
1519 2715 1648 2760 unde

141 2809 318 2874 triplex
342 2807 393 2853 in
416 2807 697 2855 universum
732 2803 1262 2850 inflorcsocntiac
1299 2801 1645 2866 gramineae

142 2895 397 2946 diversitas
433 2891 612 2949 oritur,
660 2891 876 2939 seilicet:

1769 1208 1787 1230 0
