1788 3183
175 153 230 192 30
640 148 927 187 Gmmmmss.
989 149 1227 186 Pisanus.

177 267 472 362 longitudilne‚
519 265 660 307 culmo
694 266 952 320 paucinodi‚
996 266 1161 321 vaginis
1198 266 1405 322 foliisque
1437 268 1696 310 densissime

177 327 378 366 sericeo·
410 323 558 363 anatis.

286 390 512 444 Paspalum
541 388 962 440 dolichostachyum,
1009 385 1132 428 Trin.
1162 388 1204 428 ἱη
1236 388 1320 429 lite.

291 458 429 498 Radix
467 456 731 508 caespitosa,
787 467 952 502 crassa,
1003 454 1186 503 fibrosa,
1248 456 1299 496 ad
1340 456 1498 496 collum
1527 458 1701 510 vagina-

179 529 276 556 rum
320 513 629 554 emarcidarum
672 511 791 550 {ibris
844 511 1031 550 residuis
1070 513 1238 563 stipata.
1327 514 1450 552 Folia
1495 513 1700 553 radicalia

180 571 362 612 caulinis
401 568 597 608 nonnihil
641 568 911 621 angustiora,
974 567 1169 607 siccitate
1224 569 1464 609 convoluta.
1537 571 1699 609 *Culmi

179 636 283 678 4-
310 634 334 669 5
376 629 510 679 pedes
549 624 650 671 alti,
710 623 759 662 ad
800 623 922 662 basin
960 624 1158 663 crassitie
1206 638 1372 676 pennae
1426 625 1697 678 scriptoriae,

180 683 350 731 erecti,
384 680 549 730 stricti,
581 688 765 727 teretes,
799 679 964 726 striati,
996 679 1149 733 glabri,
1182 681 1391 728 trinodes,
1423 682 1538 721 nodo
1564 681 1700 721 altero

180 741 359 786 baseos,
406 737 589 791 reliquis
617 736 661 774 in
689 736 829 774 culmo
852 736 1029 774 remotis
1059 736 1699 787 subcyathiformi·incrassatis

181 795 376 837 laevibus
405 793 587 847 glabris,
640 792 833 846 margine
860 791 1066 831 distincto
1094 792 1262 832 elevato
1288 794 1504 832 interdum
1528 794 1698 833 villoso.

182 852 376 906 Vaginae
399 849 569 889 infimae
598 848 883 897 laxiusculae,
914 861 1103 897 crassae,
1139 849 1301 897 laeves,
1335 850 1426 888 lana
1449 850 1702 889 densissima

184 921 355 949 sursum
396 919 600 961 appi-essa
629 905 772 958 grisea
805 904 1232 944 sericeo-nitentes:
1279 906 1471 945 caulinae
1510 906 1703 945 interno·

185 965 270 1005 diis
304 963 554 1008 breviores,
604 970 771 1009 arctae,
826 969 868 999 et
897 975 1058 999 summa
1096 961 1336 1010 interdum,
1388 962 1702 1016 basilexceptan

187 1021 349 1077 glabra.
409 1018 563 1072 Ligula
587 1016 757 1067 brevis,
789 1016 1038 1064 rotundam,
1071 1018 1300 1056 crenulata.
1374 1019 1499 1058 Folia
1522 1018 1616 1057 fere
1640 1019 1705 1057 bi·

186 1077 383 1133 pedalia,
425 1074 593 1127 3{-—4
619 1073 758 1112 lineas
794 1072 902 1121 lata,
946 1073 1148 1122 linearia,
1203 1074 1508 1123 crassiuscula,
1555 1083 1596 1114 at
1619 1089 1706 1114 non

185 1133 311 1176 valde
339 1131 501 1185 rigida,
542 1129 586 1168 in
610 1129 766 1183 pagina
791 1129 1017 1183 superiore
1039 1129 1221 1178 sulcata,
1262 1131 1466 1185 utrinque
1489 1131 1582 1170 lana
1610 1131 1707 1169 sub-

188 1203 393 1245 appressa
416 1186 599 1234 vestita,
646 1185 818 1225 inferne
846 1185 973 1239 paulo
1008 1184 1226 1227 densiore.
1299 1188 1427 1240 Spica
1452 1187 1706 1239 composita,

187 1253 433 1292 contracta,
485 1256 636 1295 parum
660 1242 772 1280 ultra
795 1242 990 1296 vaginam
1016 1255 1220 1280 summam
1246 1243 1377 1291 elata,
1426 1244 1606 1283 circiter
1632 1256 1709 1296 pe·

190 1303 313 1343 dalis.
371 1299 561 1341 Rhachis
587 1298 825 1338 communis
852 1298 1279 1352 angulato-sulcata,
1312 1299 1475 1340 scabra.
1551 1299 1707 1352 Spicae

188 1357 394 1414 propriae
422 1356 648 1408 copiosae,
691 1354 935 1394 alternatim
956 1355 1299 1408 approximatae,
1333 1355 1546 1395 interdum
1574 1354 1713 1410 gemi-

191 1429 273 1455 nae
300 1413 366 1454 vel
391 1413 499 1452 adeo
527 1410 915 1459 subverticillatae,
960 1417 1102 1461 4—7
1127 1412 1311 1464 pollices
1336 1412 1514 1466 longae,
1561 1425 1714 1465 angus-

191 1481 288 1519 tae,
332 1469 385 1508 ad
416 1477 558 1508 ortum
591 1467 1010 1508 villoso-barbatae.
1085 1467 1273 1507 Rhachis
1308 1469 1486 1521 propria
1520 1467 1713 1523 spiculae

195 1526 389 1582 singulae
431 1523 659 1563 latitudine
699 1523 769 1562 vel
803 1537 953 1576 parum
987 1524 1231 1575 angustior,
1289 1524 1526 1578 triquetra,
1582 1525 1714 1564 dorso

194 1585 320 1639 plana
348 1594 557 1628 nervosa,
589 1579 782 1634 margine
804 1578 974 1626 scabra,
1018 1578 1179 1632 glabra.
1253 1580 1454 1632 Spiculae
1475 1580 1713 1628 solitariae,

195 1638 438 1681 alternatim
472 1636 728 1690 contiguae,
772 1635 1175 1689 ovato-oblongae,
1225 1635 1277 1675 ad
1311 1636 1590 1677 insertionem
1618 1636 1716 1675 bar-

192 1697 390 1742 bulatae,
425 1691 449 1745 s}
471 1692 549 1732 lin.
572 1693 742 1745 longae.
803 1691 982 1732 Glumae
1008 1689 1188 1731 flosculo
1217 1701 1260 1731 et
1287 1692 1403 1731 inter
1423 1706 1468 1733 se
1495 1692 1711 1746 aequales,

197 1749 542 1797 obtusiusculae‚
576 1749 924 1802 quinquenerves
957 1747 1102 1787 nervis
1132 1747 1349 1788 distinctis
1379 1748 1589 1787 viridibus
1619 1747 1714 1800 plus

198 1810 393 1849 minusve
423 1805 772 1858 pubescentibus,
804 1804 998 1857 margine
1023 1803 1204 1843 ciliatae.
1249 1804 1474 1845 Flosculus
1500 1805 1545 1843 in
1571 1803 1717 1843 fructu

197 1862 614 1914 ovato-ellipticus,
648 1861 850 1908 obtusus,
882 1859 1044 1907 laevis,
1077 1859 1296 1899 candidus.

316 1927 498 1967 Habitat
536 1926 579 1966 in
615 1924 811 1966 Brasilia
842 1924 1138 1979 extratropica
1181 1922 1412 1978 (Sellow.)
1442 1947 1498 1956 —
1556 1924 1653 1966 Vidi
1673 1924 1715 1964 in

204 1985 338 2027 Harl).
368 1984 480 2039 Reg.
509 1981 662 2023 Berol.
693 1990 733 2022 et
760 1980 892 2021 Herb.
930 1979 1053 2022 Tria.

319 2056 555 2098 Observ.
614 2056 694 2093 Est
731 2067 784 2093 ex
815 2052 1026 2093 affinitate
1067 2052 1285 2106 Paspali
1327 2052 1717 2106 leptostachyi

205 2125 250 2156 et
264 2117 314 2154 P.
344 2128 361 2153 s
375 2126 398 2152 c
412 2127 435 2152 o
449 2126 475 2165 p
490 2110 596 2150 arii
624 2109 699 2159 (cf.
719 2124 782 2162 sp.
807 2110 907 2160 πέμ),
940 2108 1015 2148 sed
1037 2118 1211 2161 praeter
1234 2109 1513 2150 villositatem
1535 2111 1723 2163 partium

206 2173 337 2214 etiam
363 2168 541 2222 spiculis
568 2166 810 2206 minoribus
849 2165 1009 2205 arctius
1039 2165 1347 2219 approximatis
1386 2175 1429 2206 et
1462 2167 1628 2207 obtusis
1658 2165 1722 2205 di-

206 2241 370 2271 versus.

560 2308 614 2341 15·
662 2308 963 2339 PAsPALUs
1014 2309 1292 2340 nmmnns.
1325 2305 1350 2347 †

320 2385 372 2424 P.
404 2380 536 2435 spicis
566 2378 809 2419 numerosis
838 2377 1121 2418 inferioribus
1152 2379 1405 2427 subdivisis,
1454 2377 1605 2418 rhachi
1641 2377 1721 2416 tri-

210 2450 363 2498 quetra
394 2437 572 2493 spiculis
611 2434 818 2475 solitariis
851 2434 1014 2474 dissitis
1048 2449 1197 2488 parum
1235 2436 1506 2488 angustiore,
1565 2433 1722 2488 glumis

211 2496 413 2551 oblongis
437 2492 598 2548 glabris
621 2490 788 2531 flosculi
815 2490 1112 2544 longitudine,
1145 2492 1285 2531 culmo
1311 2491 1570 2546 paucinodi,
1602 2489 1722 2530 foliis

211 2548 623 2603 lineari-elongatis
651 2546 904 2602 vaginisque
929 2547 1117 2595 scabris,
1149 2548 1432 2588 inferioribus
1459 2545 1727 2587 subhirfutis.

326 2621 556 2663 Proximus
597 2617 833 2672 Paspalo
877 2618 1136 2672 scopario
1187 2628 1229 2658 et
1266 2621 1316 2658 P.
1356 2618 1585 2673 pellito;
1646 2615 1730 2655 dif-

215 2682 304 2722 fert
337 2679 388 2720 ab
423 2677 500 2717 illo
536 2675 678 2716 culmo
724 2673 981 2728 paucinodi,
1042 2673 1221 2727 spiculis
1261 2674 1502 2715 minoribus
1541 2671 1730 2727 glabris3

216 2737 270 2778 ab
305 2735 390 2776 hoc
440 2731 719 2787 pubescentia
757 2730 1023 2785 spiculisque
1067 2730 1195 2770 etiam
1239 2731 1413 2785 glabris.
1448 2751 1502 2759 —-
1591 2727 1732 2767 Radix

218 2793 374 2841 densa,
407 2789 644 2843 caespitem
669 2787 880 2827 nutriens.
957 2785 1130 2827 Culmus
1156 2787 1369 2841 orgyalis,
1414 2785 1508 2826 basi
1534 2783 1731 2824 crassitie

218 2862 387 2904 pennae
415 2846 664 2891 anserinae,
712 2843 835 2897 apice
863 2850 1103 2883 attenuatus
1131 2851 1174 2883 et
1198 2844 1360 2893 nudus,
1415 2841 1620 2893 simplex,
1665 2848 1732 2878 te-

221 2919 316 2956 res,
347 2903 506 2953 laevis,
537 2900 700 2956 glaber,
730 2898 857 2958 nodis
880 2908 1062 2953 quatuor
1081 2898 1216 2939 fuscis
1237 2900 1390 2940 crassis
1414 2897 1608 2944 hirsutis,
1638 2893 1732 2935 basi
