1788 3183
509 172 795 211 thmmuar.
855 171 1091 212 PASPALUs.
1510 173 1564 214 19

48 285 418 347 angu‘stifolio
446 289 550 331 nob.
580 303 754 339 rursus,
799 288 870 332 vel
899 289 1122 332 varietatis
1153 289 1274 339 lusu,
1321 288 1393 332 vel
1427 289 1563 345 magis

49 356 300 389 constanter
339 347 608 401 maximeque
645 357 736 387 tum
760 359 865 387 vero
889 355 1075 388 retracta
1098 356 1141 387 et
1164 355 1358 387 truncata
1373 376 1383 395 ‚
1413 360 1564 386 recur-

45 418 165 445 rens.
224 406 374 445 Restat
402 404 546 457 itaque
575 403 664 443 sola
689 403 821 443 altera
848 404 1013 457 gluma‚
1058 417 1134 444 seu
1158 403 1386 456 superior,
1428 416 1564 457 eaque

47 461 200 501 solitae
225 460 397 514 quidem
423 467 687 507 structurae,
727 460 1079 509 membranacea,
1121 461 1216 513 plus
1240 460 1435 499 minusve
1466 473 1565 499 ner-

47 532 174 564 vosa,
205 518 461 571 plerumque
494 528 705 563 convexa,
746 515 984 570 rhachique
1008 515 1209 567 adversa,
1252 518 1398 570 (quam
1421 523 1565 554 notam

49 572 344 626 Flfiggius,
403 573 512 611 hanc
539 572 723 625 glumam
754 572 1012 612 inferiorem
1046 586 1198 613 revera
1233 585 1326 612 esse
1366 571 1562 625 opinanS,

47 628 340 669 characterem
375 627 649 667 essentialem
681 628 828 680 posuit
862 628 1061 682 generi53
1116 638 1236 669 recte
1270 627 1470 683 quidem,
1503 636 1565 666 ta-

45 685 175 725 metsi
201 684 305 724 salsa
328 685 497 724 ratione
524 684 669 735 usus),
701 684 841 724 rarius
867 692 1033 730 tamen,
1078 694 1123 724 ut
1150 699 1277 739 supra
1310 683 1567 723 memoravi-

44 755 139 780 mus
171 741 324 788 etiam‚
361 740 551 780 exterius
585 739 737 793 posita.
821 740 999 782 Valvula
1027 738 1197 781 flosculi
1224 740 1451 780 inferioris
1479 739 1567 779 sive

48 797 261 845 neutrius,
289 806 440 850 utpote
466 810 573 851 quae
599 810 770 849 semper
794 795 961 851 glumae
979 796 1182 837 inferiori
1196 797 1455 836 Panicorum
1478 809 1572 835 res-

45 854 256 907 pondeat,
289 853 512 906 (respectu
534 852 743 892 rhacheos
769 853 961 892 exterius
987 853 1165 905 posita),
1197 866 1312 892 nunc
1335 867 1414 906 pro
1443 865 1572 905 supe-

44 909 155 949 riori
180 909 366 948 inservit
385 910 539 963 gluma,
574 917 618 948 et
639 908 802 962 spicula
818 938 827 956 ‚
860 908 911 947 ad
937 908 1127 961 speciem
1150 908 1331 949 unissora
1346 939 1355 957 ,
1386 907 1572 961 higlumi

48 965 235 1021 gaudere
259 965 432 1004 videtur
456 966 614 1016 calyce.
678 967 799 1004 Haec
830 974 970 1004 autem
998 966 1258 1017 permutatio
1283 965 1480 1005 locorum
1511 972 1573 1003 at-

48 1035 133 1077 que
162 1021 491 1076 significationis
519 1020 728 1074 partium,
775 1021 901 1060 sicuti
927 1022 971 1059 in
995 1022 1202 1061 Panico
1230 1022 1414 1061 maxime
1442 1033 1572 1073 appa-

46 1079 159 1121 ruit,
202 1078 275 1117 ubi
302 1078 517 1131 spiculae‚
565 1077 611 1115 in
635 1076 785 1116 rhachi
811 1077 966 1117 latiore
995 1078 1171 1117 sessiles
1196 1078 1265 1118 vel
1289 1077 1413 1117 brevi
1447 1075 1570 1129 pedi-

49 1134 162 1175 cello
190 1134 385 1180 innixae,
426 1134 477 1173 ad
500 1147 629 1172 unum
652 1133 761 1173 latus
784 1133 1068 1186 rejiciuntur,
1112 1147 1151 1173 v.
1187 1146 1223 1173 c.
1263 1134 1308 1172 in
1340 1135 1390 1172 P.
1416 1131 1574 1186 Digi-

50 1189 210 1230 tariis
242 1199 286 1230 et
314 1189 704 1244 paspaloideis
721 1219 730 1237 ‚
765 1190 828 1229 sic
852 1190 981 1228 etiam
1007 1189 1053 1229 in
1079 1189 1164 1230 isto
1187 1203 1346 1244 genere
1369 1188 1576 1241 conjunc-

49 1255 93 1286 ta
122 1254 189 1286 est
214 1259 310 1286 cum
339 1245 657 1285 inflorescemia
682 1245 927 1285 unilaterali
967 1245 1034 1285 vel
1067 1259 1351 1285 racemosa
1381 1245 1576 1284 tetrasti-

55 1303 148 1353 cha,
180 1317 310 1357 quum
332 1301 572 1355 pedicellus
601 1301 675 1341 ille
700 1300 898 1350 bissorus‚
929 1301 1102 1342 Panicis
1128 1302 1322 1356 propriis
1346 1300 1482 1340 adhuc
1506 1313 1578 1339 re-

53 1359 201 1400 siduus
240 1359 286 1398 in
318 1358 468 1398 rhachi
504 1358 718 1407 cernitur,
785 1358 857 1397 vel
895 1358 1112 1412 spicata
1153 1367 1196 1398 et
1230 1371 1278 1397 ea
1318 1358 1577 1410 plerumque

53 1415 260 1463 disticha,
309 1415 383 1455 ubi
406 1413 610 1467 pedicelli
635 1414 679 1453 in
708 1413 919 1454 rhacheos
956 1415 1143 1454 carinam
1177 1415 1260 1454 toti
1285 1413 1379 1454 sere
1413 1411 1580 1453 conflu-

53 1480 154 1518 unt,
185 1485 327 1526 neque
355 1471 534 1524 amplius
557 1470 687 1510 liberi
711 1471 975 1523 prominent.
1037 1471 1264 1510 Transitus
1289 1478 1433 1510 autem
1460 1468 1576 1521 ejus-

55 1527 171 1568 modi
195 1527 278 1567 hoc
302 1528 347 1567 in
373 1540 535 1581 genere
557 1527 786 1567 continuus
811 1526 907 1566 fere
935 1535 1078 1580 potest
1102 1526 1407 1567 demonstrari.
1463 1526 1579 1565 Con-

58 1594 122 1624 tra
147 1583 253 1623 haec
284 1597 386 1624 vero
417 1583 679 1637 panicula
704 1597 791 1623 non
821 1582 1070 1636 perficitur,
1113 1582 1169 1622 ob
1199 1582 1382 1622 solutam
1413 1581 1576 1630 subito,

58 1648 188 1693 puto,
222 1652 318 1679 cum
341 1639 484 1692 primo
512 1639 556 1678 in
580 1638 733 1678 florem
758 1639 856 1678 nisu
879 1652 1049 1678 omnem
1077 1638 1305 1692 vegetandi
1333 1637 1421 1679 vim
1448 1646 1489 1677 et
1517 1637 1582 1676 fa-

59 1696 260 1735 cultatem
275 1725 285 1743 ,
318 1709 403 1750 quo
426 1694 487 1741 fit,
520 1704 565 1734 ut
585 1695 807 1748 paniculae
827 1695 935 1734 rami
957 1703 1086 1749 atque
1109 1694 1263 1733 ramuli
1282 1694 1327 1732 in
1349 1707 1434 1733 uno
1456 1692 1580 1747 quasi

56 1765 190 1791 nervo
223 1751 292 1791 vel
318 1751 403 1790 reti
430 1751 525 1791 folii
549 1750 803 1804 (phyllodii)
829 1751 1156 1804 extinguantur3
1199 1759 1480 1790 concrescant
1505 1762 1582 1802 pe-

58 1806 209 1847 dicelli
233 1816 275 1846 et
301 1808 582 1847 decurrentes
607 1807 653 1845 in
674 1806 855 1846 rhachin
878 1807 1066 1861 denique
1093 1806 1242 1846 oculos
1268 1806 1328 1845 ita
1353 1805 1580 1859 effugiant,

59 1873 106 1903 ut
132 1863 285 1903 deesse
310 1863 550 1905 videantur.
612 1863 779 1924 Quibus
804 1871 946 1902 autem
971 1862 1166 1915 proxima
1189 1862 1416 1915 conjuncta
1441 1863 1583 1915 gluma

60 1919 273 1969 inferior,
321 1933 458 1974 eaque
483 1919 566 1970 jam
593 1918 710 1958 inter
732 1919 935 1958 Panica
962 1918 1189 1973 aliquando
1219 1934 1240 1958 a
1264 1918 1484 1972 superiori
1510 1931 1582 1958 re·
1605 1918 1608 1920 ’

59 1976 245 2023 moti0r‚
291 1975 517 2016 descendit
540 1975 585 2013 in
610 1988 836 2015 commune
858 1975 942 2015 hoc
968 1974 1292 2029 receptaculum
1316 1985 1360 2016 et
1389 1974 1582 2029 aufugit3

59 2040 196 2072 restat
222 2047 389 2086 supera.
463 2033 584 2071 Haec
621 2045 725 2072 vero
757 2031 1070 2079 Brownius‚
1117 2032 1424 2071 Botanicorum
1461 2032 1582 2084 prin—

61 2101 190 2141 ceps,
232 2088 290 2128 ita
329 2087 484 2128 effatus
522 2096 612 2127 est:
668 2088 895 2140 „Concipe
927 2087 969 2126 in
1000 2086 1199 2135 Panicis‚
1243 2088 1362 2141 spica
1396 2087 1585 2126 secunda

63 2144 309 2193 instructis,
351 2143 703 2198 suppressionem
740 2144 908 2197 glumae
938 2143 1094 2195 calycis
1124 2144 1356 2184 exterioris
1386 2153 1430 2183 et
1454 2144 1585 2182 habe-

61 2202 129 2240 bis
165 2200 402 2254 legitimam
437 2200 627 2254 speciem
661 2200 882 2254 Paspali.“
950 2199 1147 2240 Prodr.
1177 2201 1249 2240 Fl.
1282 2202 1409 2240 Nov.
1440 2199 1586 2239 Holl.

65 2256 143 2297 ed.
178 2269 216 2294 2.
244 2259 275 2296 I.
306 2271 348 2310 p.
378 2261 467 2299 183.
502 2255 614 2305 (44.)

182 2314 302 2353 Haec
341 2313 440 2352 dum
472 2320 714 2359 mutantur,
763 2319 960 2366 perstant
981 2310 1199 2352 lodiculae
1220 2319 1470 2362 truncatae,
1512 2311 1588 2352 sed

64 2368 144 2408 hae
170 2370 425 2424 plerumque
450 2367 720 2422 angustiores
743 2377 788 2408 et
810 2368 934 2421 apice
961 2382 1089 2422 saepe
1118 2367 1332 2408 dentatae.

181 2425 358 2465 Desinit
390 2425 562 2464 tandem
598 2438 694 2464 esse
730 2424 858 2465 etiam
889 2424 1021 2465 altera
1055 2424 1220 2479 gluma‚
1279 2439 1404 2478 quam
1434 2439 1588 2466 revera

70 2481 343 2536 superiorem
369 2480 444 2520 sed
470 2480 521 2520 ad
554 2481 747 2534 speciem
773 2480 1028 2521 inferiorem
1052 2481 1142 2521 sive
1176 2481 1430 2521 interiorem
1462 2495 1590 2522 voca-

67 2551 288 2584 veramus,
333 2545 376 2576 et
402 2545 492 2576 tum
522 2537 696 2593 quidem
721 2536 866 2590 prodit
889 2537 1210 2577 Reimariae
1241 2551 1403 2591 genus,
1444 2538 1588 2591 calyce

69 2592 368 2648 uniglumi‚
410 2592 504 2642 vel,
548 2594 585 2632 si
610 2593 662 2632 ad
683 2602 825 2633 ortum
847 2592 1084 2647 respicias,
1129 2594 1285 2634 nullo
1315 2593 1491 2634 omnino
1522 2608 1591 2634 ca-

69 2651 186 2703 lyce,
231 2649 307 2689 sed
340 2648 504 2702 spicula
535 2648 689 2690 bissora
717 2663 740 2689 e
767 2649 927 2691 valvula
955 2649 1167 2689 inferiore
1195 2648 1367 2690 flosculi
1391 2651 1589 2691 neutrius

74 2716 116 2747 et
141 2706 188 2747 ss.
214 2705 570 2758 hermaphrodito
597 2714 843 2756 constante,
876 2706 1081 2760 gaudens.

187 2761 555 2822 Quemadmodum
593 2762 970 2813 Hymenachne
993 2760 995 2763 ’
1015 2777 1036 2802 a
1079 2760 1311 2810 Panico‚
1368 2762 1426 2802 ita
1458 2764 1592 2817 Lep-

74 2818 474 2872 tocoryphium
528 2818 784 2870 (cf.ins1·a:
829 2832 926 2873 gen.
951 2818 1057 2870 IV.)
1103 2832 1124 2856 a
1166 2817 1402 2871 Paspalo
1443 2818 1596 2860 differt

77 2873 259 2915 flosculo
291 2875 336 2913 in
365 2874 512 2914 fructu
543 2874 766 2915 chartaceo
798 2875 1009 2929 apiceque
1040 2873 1382 2915 membranaceo.

190 2933 239 2970 In
264 2932 306 2970 H
320 2930 446 2985 elop
460 2944 486 2971 o
500 2931 562 2971 de
599 2929 804 2972 flosculus
839 2930 1030 3012 inferio}
1057 2930 1195 2979 deest,
1235 2939 1279 2971 et
1308 2929 1472 2985 spicula
1495 2945 1598 2973 con-

958 2997 980 3019 0
