1788 3183
164 164 249 204 350
575 157 855 197 Οῐιωιικηωι.
914 157 1258 197 ΤειΑοκινοοοα.

165 279 317 322 rhachi
338 278 554 333 ramisque
583 276 764 329 glabris,
806 274 1032 328 pedicellis
1061 275 1303 313 incrassatis
1336 275 1677 327 rudimentisque

163 336 363 377 masculis
382 335 565 389 geminis
592 332 823 385 plumosis‚
856 331 994 384 gluina
1021 331 1232 369 inferiore
1252 332 1339 369 basi
1358 332 1529 370 banbata
1555 332 1677 384 apice

163 394 334 440 ciliata,
368 401 456 430 seta
488 390 623 428 tortili
650 388 739 426 basi
768 387 930 426 hirsuta
954 387 1117 438 spicula
1143 389 1273 426 multo
1307 388 1517 440 longiore.

279 449 416 488 Radix
457 446 847 491 libroso-raniosa,
900 444 1066 482 ratione
1104 444 1231 482 culmi
1273 459 1429 496 parva,
1475 441 1679 481 flexuosa.

166 506 306 546 Culmi
333 503 574 555 2-pedales
602 509 645 539 et
677 499 811 545 ultra,
845 501 1043 538 crassitie
1075 514 1238 551 pennae
1264 501 1524 551 gallinaceae
1545 527 1553 537 .
1587 511 1682 537 ere-

167 564 248 612 cti,
281 561 525 612 simplices,
572 556 870 600 teretiusculi,
913 556 1177 603 laetissimi,
1222 556 1685 609 quodni-quinqueno-

168 621 272 665 ‹les,
305 616 430 655 nodis
462 612 636 652 tumidis
669 611 800 650 fuscis
837 612 1170 650 albo-sericeis.
1232 613 1420 661 Vaginae
1449 612 1683 649 inferiores

168 673 426 715 internodiis
456 669 582 721 duplo
612 668 857 720 longiores,
892 667 1247 715 subconvolutae,
1282 669 1423 715 laxae,
1459 666 1684 706 dehiscen-

167 742 262 778 tes,
315 740 501 767 summae
541 723 803 763 internodiis
837 723 1059 762 breviores
1096 733 1265 773 arclae3
1310 738 1457 763 omnes
1494 723 1681 776 glabrae,

169 787 366 830 striatae,
399 783 566 828 laeves,
599 782 650 819 ad
677 781 809 818 latera
833 780 988 829 ligulae
1016 780 1058 817 in
1085 780 1296 818 auriculas
1323 789 1487 819 erectas
1512 781 1681 817 lanceo-

167 845 273 883 latas
305 840 478 879 obtusas
505 846 757 891 protensae,
804 850 981 888 quarum
1009 836 1145 874 sinum
1179 837 1307 887 ligula
1335 836 1451 889 ipsa,
1492 842 1684 873 truncata

169 909 214 937 et
239 910 366 949 saepe
390 895 554 944 lacera,
586 893 750 944 implet.
812 891 1000 944 Vaginae
1026 892 1238 931 radicales
1263 906 1471 945 persaepe
1490 892 1531 930 in
1556 890 1684 930 fibras

169 955 332 993 solutae
354 951 511 990 collum
538 949 696 988 radicis
728 948 917 1001 cingunt.
978 949 1098 988 Folia
1126 948 1264 987 media
1287 949 1380 988 fere
1407 948 1600 1001 pedalia,
1635 947 1687 985 li-

169 1024 271 1050 neas
298 1011 349 1062 2}
370 1008 480 1054 lata,
517 1005 726 1045 inferiora
758 1005 960 1043 breviora
992 1013 1034 1044 et
1060 1005 1330 1058 angustiora,
1364 1014 1514 1044 cuncta
1553 1004 1689 1043 linea-

170 1068 260 1114 ria,
293 1064 555 1111 acuminata,
587 1062 734 1115 plana,
774 1061 981 1114 rigidula‚
1029 1075 1162 1100 nervo
1200 1062 1338 1101 valido
1370 1062 1583 1100 albicante
1623 1060 1688 1098 di-

170 1123 288 1170 visa,
320 1121 465 1175 glabra
487 1149 496 1166 ,
533 1119 680 1157 subtus
711 1127 752 1157 et
777 1117 892 1156 circa
920 1118 1136 1170 margines
1162 1117 1324 1156 scabra.
1382 1117 1584 1157 Panicula
1616 1130 1688 1155 ex-

171 1187 308 1227 serta,
341 1178 496 1216 8-10
523 1175 703 1228 pollices
733 1174 884 1226 longa,
919 1183 1156 1220 coarctata,
1193 1173 1336 1213 densa.
1394 1172 1579 1213 Rhachis
1601 1173 1689 1211 lae-

170 1236 259 1281 vis,
315 1245 500 1286 superne
540 1232 710 1270 sulcata.
787 1229 910 1269 Rami
954 1231 1095 1269 laeves
1146 1231 1329 1278 alterni,
1380 1229 1687 1283 approximati,

170 1291 359 1346 primum
391 1289 444 1327 ad
480 1287 602 1326 basin
637 1285 793 1334 trifidi,
836 1287 1032 1325 trunculo
1065 1286 1206 1325 medio
1238 1286 1463 1340 longiore3
1504 1294 1591 1324 turn
1621 1299 1690 1323 ra-

172 1347 274 1387 muli
303 1345 546 1384 alternatim
578 1343 704 1383 divisi
738 1352 780 1382 et
815 1342 1158 1390 subdieliotomi,
1200 1344 1315 1380 omni
1341 1357 1442 1382 vero
1474 1341 1690 1380 divisione

172 1403 356 1443 maxime
386 1409 627 1450 coarctata3
658 1399 811 1438 horum
835 1399 986 1437 ramuli
1019 1399 1195 1445 breves,
1229 1397 1373 1438 billori
1402 1399 1471 1436 vel
1496 1396 1688 1436 unissori.

172 1458 386 1499 Pedicelli
417 1456 598 1496 articulo
625 1455 802 1509 oblique
833 1464 1027 1493 truncato
1055 1455 1232 1502 inserti,
1267 1456 1422 1494 lineam
1438 1455 1583 1507 longi,
1616 1454 1693 1493 ob-

176 1514 342 1560 coniei‚
378 1512 788 1565 sericeo-strigosi,
819 1510 1200 1564 pseudo-t1·issori.
1262 1512 1562 1551 Flosculorum
1586 1524 1692 1549 neu-

174 1581 342 1611 trorum
390 1570 661 1623 geminorum
721 1567 802 1607 soli
850 1566 1055 1619 pedicelli
1108 1576 1296 1616 restant,
1359 1567 1520 1621 spicula
1561 1566 1692 1619 duplo

174 1628 428 1680 longiores,
477 1624 730 1670 fibsormes,
772 1623 1150 1676 plumoso-ciliati
1186 1624 1442 1678 {glumaeque
1474 1621 1693 1676 superiori

177 1683 391 1723 involucri
419 1682 470 1720 ad
490 1682 624 1720 instar
644 1680 852 1733 appressi.
914 1679 1087 1732 Spicula
1111 1679 1267 1719 fertilis
1300 1681 1436 1719 lineas
1463 1678 1515 1731 23¹2>
1550 1680 1693 1731 longa.

175 1739 427 1787 lanceolata,
459 1736 624 1776 bissOra.
659 1738 836 1777 Glumae
854 1735 1251 1789 subcartilagineae,
1283 1736 1560 1785 lanceolatae,
1593 1748 1696 1774 con-

176 1809 322 1842 vexae,
354 1803 589 1841 truncatae,
622 1794 876 1832 stramineae
901 1791 1109 1845 apiceque
1126 1791 1281 1831 rubrae
1301 1802 1342 1832 et
1359 1793 1552 1832 eiliatae:
1585 1791 1695 1830 infe-

177 1853 272 1893 rior
296 1850 629 1904 paulobrevior,
663 1850 930 1902 superiorem
948 1851 1226 1901 amplectens,
1258 1849 1350 1888 basi
1377 1847 1697 1903 strigoso-seri-

179 1922 268 1955 cea,
301 1909 431 1946 dorso
447 1906 589 1945 medio
608 1914 650 1945 et
669 1906 792 1959 apice
818 1906 931 1944 cirea
948 1906 1077 1944 latera
1093 1905 1413 1957 piloso-ciliata,
1446 1918 1698 1944 novemner-

181 1965 269 2012 vis,
302 1963 447 2002 nervis
464 1962 641 2001 alternis
666 1961 937 2001 tenuioribus
963 1961 1096 2014 magis
1114 1960 1374 2001 abbreviatis
1397 1970 1439 2001 et
1457 1970 1699 2000 anastomo-

182 2019 389 2067 santibus;
421 2018 621 2071 superior
640 2027 773 2056 setam
789 2018 1073 2071 amplectens,
1107 2018 1458 2071 quinquenervis,
1490 2018 1635 2057 nervis
1655 2017 1700 2055 iu

185 2075 410 2116 termediis
449 2074 720 2113 tenuioribus
752 2074 994 2112 ramulosis.
1068 2075 1290 2113 Flosculus
1326 2074 1508 2113 inferior
1542 2081 1699 2112 neuter

181 2130 425 2177 univalvis,
459 2130 622 2169 valvula
645 2130 916 2183 longitudine
937 2130 1030 2168 fere
1059 2129 1227 2181 glumae
1253 2130 1501 2177 inferioris,
1533 2130 1699 2169 tenuis-

185 2190 294 2232 sime
331 2186 652 2225 membranacea
695 2186 863 2237 hyalina
907 2186 1145 2224 lanceolata
1186 2186 1309 2237 apice
1355 2186 1699 2234 eiliato-lacera,

186 2245 239 2284 ad
276 2243 493 2296 margines
533 2241 754 2281 subtiliter
791 2242 957 2289 efflata,
1002 2241 1244 2282 subenervi.
1314 2242 1542 2283 Flosculus
1574 2255 1702 2294 supe-

184 2301 280 2340 rior
307 2299 433 2338 etiam
469 2297 703 2344 univalvis,
746 2298 910 2337 valvula
947 2297 1202 2337 brevissima
1245 2298 1296 2338 ad
1336 2300 1521 2338 medium
1554 2297 1698 2345 bifida,

185 2356 358 2396 laciniis
389 2354 726 2394 membranaceis
749 2354 1024 2401 lanceolatis,
1066 2353 1157 2393 basi
1182 2368 1348 2404 crassa,
1381 2356 1494 2394 inter
1521 2354 1700 2393 lacinias

186 2413 370 2453 abeunte
406 2410 450 2449 in
488 2420 619 2449 setam
648 2410 741 2449 sere
771 2410 1082 2463 tripolliearem
1117 2411 1319 2459 validam,
1364 2411 1474 2450 ultra
1508 2410 1699 2449 medium

185 2479 372 2514 rectam,
405 2466 566 2505 fuscam
594 2475 749 2505 tortam
777 2476 819 2505 et
849 2466 1070 2519 spiraliter
1094 2466 1324 2515 hirsutam,
1367 2467 1468 2506 hinc
1494 2465 1700 2506 reflexam

187 2524 343 2564 nudam
365 2524 528 2563 laevem
553 2531 595 2561 et
624 2522 850 2575 pallidam,
896 2535 990 2561 cum
1018 2523 1177 2562 valvula
1203 2524 1290 2562 cito
1315 2523 1553 2562 deciduam.
1613 2524 1699 2562 Lo-

189 2581 352 2620 diculas
394 2578 438 2617 in
478 2579 634 2632 plantis
673 2581 834 2618 nostris
876 2593 962 2618 non
1000 2578 1084 2617 rite
1131 2579 1437 2633 indagavimus.
1510 2579 1698 2620 Stamina

190 2637 298 2683 tria,
330 2635 521 2675 antheris
552 2634 693 2674 fulvis.
755 2636 944 2676 Germen
974 2636 1229 2690 oblongum,
1273 2636 1461 2686 fulvum3
1502 2635 1699 2689 stigmata

194 2706 384 2746 generis.

305 2745 488 2785 Habitat
528 2745 573 2786 in
609 2745 770 2799 campis
803 2745 905 2786 altis
941 2746 1159 2787 sterilibus
1194 2746 1307 2787 inter
1356 2745 1465 2787 Villa
1500 2744 1611 2785 Rica
1658 2751 1701 2783 et

202 2800 389 2854 Tejuco‚
421 2817 458 2842 e.
489 2817 532 2858 g.
559 2817 674 2856 pone
702 2801 872 2843 Itambe'
899 2802 954 2842 do
984 2810 1100 2843 mato
1129 2803 1308 2854 dentre,
1349 2801 1463 2844 altit,
1493 2802 1604 2845 3000
1629 2815 1704 2854 pe·

196 2858 298 2900 dum
307 2888 322 2910 ,
346 2871 473 2913 prov.
502 2857 752 2901 Minarum.
819 2856 966 2900 Floret
997 2858 1145 2912 Majo.
