1788 3183
134 140 414 180 flammam.
479 136 762 178 OnsERVArio
801 149 1054 177 chPoch
1095 152 1149 177 ΕΤ
1182 151 1481 178 oeconomica.
1547 138 1630 180 567

125 259 283 298 iterum
322 255 498 296 evenire
537 256 687 308 possit.
755 256 846 295 Tali
890 256 1016 296 modo
1054 256 1197 296 multis
1235 257 1278 294 in
1310 256 1518 296 Brasiliae
1555 268 1625 294 re-

123 312 323 368 gionibus
365 325 444 364 per
480 312 625 364 plures
656 325 785 351 annos
816 325 988 364 campus
1020 312 1220 351 saccharo
1253 311 1529 365 producendo
1559 310 1625 350 fe-

124 369 346 408 racitatem
369 381 485 406 suam
510 381 594 406 non
622 368 797 415 amittit,
839 368 953 415 nisi,
995 376 1040 406 ut
1067 368 1183 408 sicco
1217 376 1412 419 tempore
1438 366 1621 406 subinde

125 423 221 464 fieri
243 422 366 470 solet,
399 422 569 461 inscitia
595 422 662 462 vel
687 423 845 462 malitia
869 423 1131 463 incendatur.
1174 423 1220 463 Si
1246 432 1342 476 post
1363 423 1526 475 aliquot
1548 436 1622 461 an-

128 494 207 519 nos
229 491 332 532 ager
350 478 624 532 relinquitur,
658 479 796 530 primo
827 488 1020 531 tempore
1037 493 1115 532 pro
1141 492 1297 531 pascuo
1321 491 1374 518 eo
1392 479 1451 516 uti
1469 487 1512 517 et
1529 485 1621 518 tum

125 536 322 579 demum,
363 547 458 573 cum
493 534 681 586 pecudes
709 549 836 573 unum
869 536 934 574 vel
967 536 1072 575 duos
1099 549 1229 574 annos
1265 536 1308 572 in
1344 547 1395 573 eo
1431 534 1618 581 iverunt,

119 591 252 647 fabas,-
279 590 471 641 Maydem
485 598 555 628 aut
571 590 860 630 Mandioccam
875 591 1064 643 plantare
1088 591 1241 630 solent.
1281 591 1399 635 Sunt,
1424 590 1497 643 qui
1519 597 1620 641 post

120 646 344 686 nonnullos
373 659 505 684 annos
522 645 690 684 calamis
714 646 868 686 evulsis
895 660 942 686 ac
961 647 1193 685 combustis
1214 647 1256 685 in
1272 659 1420 698 campo
1439 645 1617 684 eandem

120 702 327 742 culturam
361 715 508 739 rursus
550 701 772 755 incipiant.
813 723 866 730 -—
906 702 1216 742 Infestissimac
1260 710 1356 741 sunt
1387 700 1615 748 formicae,

120 757 273 813 quibus
295 756 344 795 ab
374 757 498 795 initio
520 758 801 796 resistendum
830 765 895 796 est
921 762 998 806 eo,
1041 766 1086 796 ut
1113 772 1256 797 earum
1278 757 1451 797 sedibus
1472 756 1615 810 inqui-

118 813 212 854 sitis
245 812 396 852 animal
434 811 599 852 fervida
638 828 743 867 aqua
778 813 916 851 infusa
945 823 1139 853 necetur.
1197 813 1262 853 Ad
1287 812 1513 852 arundines
1538 812 1613 851 de-

115 871 224 910 cisas
261 868 605 921 transportandas
638 870 730 909 sere
760 878 844 908 tota
862 869 905 906 in
938 869 1120 908 Brasilia
1158 882 1307 922 graves
1337 869 1448 907 carri
1478 866 1613 919 bireti

113 925 394 969 adhibentur,
428 923 501 978 qui
529 938 550 962 a
585 925 721 964 bubus
755 924 1007 970 trahuntur,
1031 925 1071 963 in
1100 925 1315 964 nonnullis
1350 925 1476 963 etiam
1503 923 1611 968 locis

112 982 229 1022 muli.
288 981 351 1019 Ne
390 979 468 1018 hae
496 981 657 1020 bestiae
695 982 933 1033 longiorem
973 980 1079 1019 viam
1115 995 1192 1033 per
1219 980 1410 1019 colonias
1443 979 1610 1018 decisas

113 1047 355 1078 transverse
385 1049 540 1088 capere
572 1037 782 1083 debeant,
830 1035 903 1075 has
944 1037 1078 1076 rectis
1117 1038 1197 1076 viis
1239 1049 1465 1089 persecare
1506 1048 1609 1075 con·

112 1101 240 1135 vemt.

222 1148 376 1188 Priore
415 1157 609 1200 tempore
652 1147 695 1185 in
735 1148 916 1186 Brasilia
958 1147 1029 1186 illa
1060 1148 1194 1186 solum
1226 1147 1406 1186 varietas
1437 1145 1608 1200 cognita

114 1214 224 1249 erat,
257 1217 393 1258 quae,
426 1203 745 1256 expeditionum
786 1216 997 1242 sacrarum
1038 1214 1172 1243 aetate
1212 1203 1452 1254 Europaeis
1491 1211 1604 1249 nota,

113 1261 295 1315 primum
337 1258 380 1298 in
425 1260 618 1305 Cretam,
671 1258 894 1305 Rhodum,
945 1260 1158 1306 Siciliam,
1203 1261 1464 1311 Aegyptum,
1511 1266 1554 1297 et
1585 1272 1607 1297 a

109 1315 324 1356 Lusitanis
353 1315 466 1354 circa
497 1329 649 1353 annum
685 1323 785 1362 1422
820 1316 861 1353 in
892 1316 1146 1362 lunden-am,
1179 1315 1306 1354 sicuti
1327 1315 1475 1353 viridis
1506 1326 1606 1365 pro-

110 1371 311 1410 montorii
351 1381 392 1409 et
436 1372 479 1411 S.
511 1371 697 1409 'l‘hotnac
737 1371 897 1410 insulas
937 1372 1133 1410 translata
1172 1371 1267 1409 fuit.
1338 1372 1383 1408 In
1422 1369 1605 1408 Brasilia

112 1425 262 1465 Canna
304 1425 360 1464 du
408 1423 542 1464 Terra
587 1427 653 1465 vel
684 1423 835 1464 Canna
875 1425 1019 1465 ονεοία
1068 1436 1256 1466 vocatur.
1327 1427 1496 1465 Minore
1537 1433 1605 1463 est

108 1491 288 1529 statura,
334 1482 509 1521 circiter
538 1491 719 1536 quatuor
749 1482 990 1536 quinqueve
1021 1484 1200 1534 pedum,
1245 1480 1612 1521 subviridioribus¹

110 1539 229 1578 foliis
262 1546 304 1576 et
336 1538 467 1577 multo
500 1538 715 1589 pauciori,
756 1539 830 1577 sed
860 1538 1044 1578 dulciori
1077 1552 1226 1586 succo,
1268 1551 1392 1592 quam
1423 1536 1503 1576 alia
1534 1550 1604 1576 va-

108 1596 238 1634 rietas
271 1607 396 1646 saepe
428 1594 653 1633 duodecim
684 1594 864 1646 pedum,
897 1608 1003 1648 quae
1035 1594 1203 1633 demum
1232 1603 1328 1633 ante
1369 1605 1499 1646 pauca
1527 1591 1602 1631 de·

107 1651 256 1690 cennia
296 1663 319 1689 e
359 1651 583 1701 Cayenne‚
635 1651 706 1689 ubi
748 1649 895 1688 Carme
931 1650 983 1688 de
1016 1649 1221 1689 Hom—bon
1253 1650 1320 1691 vel
1351 1649 1402 1687 de
1435 1646 1600 1686 Ocalziti

105 1706 284 1753 dicitur,
317 1719 339 1744 a
370 1706 517 1754 terris,
554 1705 596 1743 in
629 1706 782 1759 quibus
812 1706 894 1758 jam
927 1707 1082 1745 diutius
1127 1707 1170 1744 in
1212 1720 1287 1743 usu
1318 1714 1428 1749 erat,
1461 1713 1598 1743 trans-

103 1762 182 1801 lata
222 1772 299 1801 est.
374 1765 491 1801 Haec
533 1763 698 1812 species
739 1763 833 1815 plus
883 1764 999 1802 succi
1049 1762 1284 1802 saccharini
1327 1758 1596 1812 (Guarapa)

101 1827 310 1870 praestat,
341 1831 486 1857 verum
511 1817 581 1855 hic
608 1817 739 1858 multo
767 1818 862 1870 plus
886 1832 1017 1872 aquae
1037 1849 1045 1865 ‚
1077 1817 1260 1871 partium
1282 1830 1597 1871 gummosarum

101 1884 142 1913 et
183 1875 386 1913 materiae
427 1875 682 1913 extractivae
725 1874 939 1921 continet,
982 1883 1024 1912 et
1061 1873 1306 1913 saccharum
1337 1886 1388 1911 ex
1418 1887 1469 1912 eo
1499 1885 1594 1924 par-

100 1939 187 1969 tum
219 1931 350 1969 multo
381 1929 547 1968 facilius
579 1930 878 1984 deliquescere
909 1930 1089 1978 dicitur,
1130 1943 1253 1984 quam
1284 1929 1354 1975 id,
1397 1928 1510 1982 quod
1541 1940 1595 1965 ex

100 1988 240 2025 Canna
285 1987 428 2024 creola
470 1996 653 2038 paratur.
737 1987 865 2024 Initio
915 1986 1058 2025 coloni
1107 1985 1236 2024 multa
1283 1993 1432 2024 contra
1483 1983 1591 2022 hanc

98 2041 463 2094 praejudicabant3
510 2041 615 2080 adeo
661 2041 918 2080 insalubrem
961 2042 1190 2093 putabant;
1248 2040 1447 2093 paulatim
1489 2052 1591 2078 vcro

98 2098 150 2136 iis
181 2111 424 2149 persuasum
457 2106 547 2142 est,
587 2097 677 2149 ejus
709 2097 915 2137 culturam
945 2097 1164 2136 utiliorem
1195 2111 1315 2143 esse,
1371 2096 1467 2150 quia
1506 2109 1589 2132 ma-

94 2153 230 2203 iorem
260 2163 478 2207 quaestum
512 2162 720 2205 praestet,
764 2168 892 2207 quum
934 2153 1059 2192 etiam
1103 2154 1146 2191 in
1179 2153 1305 2191 siccis
1335 2150 1587 2205 regionibus

95 2221 191 2247 cum
224 2208 343 2247 lucro
374 2210 558 2256 colatur,
610 2223 717 2263 quac
747 2210 938 2262 pauciori
968 2218 1142 2248 utuntur
1172 2208 1426 2261 irrigatione
1445 2237 1454 2254 ‚
1498 2215 1586 2244 tan-

94 2265 189 2304 dem
221 2265 344 2304 etiam
383 2265 726 2318 proptereaquod
767 2265 996 2305 arundines
1034 2265 1203 2304 decisae
1244 2265 1401 2302 diutius
1443 2263 1585 2315 jacere

93 2320 284 2372 possint,
317 2321 419 2374 quin
451 2322 494 2358 in
523 2320 683 2358 acidam
716 2320 1087 2360 fermentationem
1117 2328 1353 2366 transeant,
1396 2319 1511 2373 quod
1541 2318 1586 2355 in

93 2376 250 2415 minori
269 2378 468 2415 varietate
483 2377 664 2416 celerius
681 2375 741 2425 fit,
773 2391 893 2430 quam
919 2386 965 2415 ut
995 2390 1176 2429 unquam
1208 2376 1301 2428 plus
1331 2375 1586 2413 arundinum

93 2445 241 2471 secare
286 2433 436 2480 liceat,
496 2447 618 2486 quain
664 2445 772 2487 quae
824 2433 979 2486 viginti
1031 2441 1210 2486 quatuor
1257 2430 1374 2470 horis
1417 2429 1584 2483 possint

90 2501 242 2540 premi.

202 2543 249 2582 Si
290 2556 446 2594 operae
497 2543 538 2581 in
579 2541 779 2582 saccharo
830 2543 1141 2582 consumendae
1188 2543 1323 2581 solum
1376 2553 1583 2579 memora-

87 2600 143 2639 tis
172 2608 442 2645 constarent,
486 2597 686 2648 facillime
725 2607 767 2637 et
807 2600 898 2639 sine
929 2599 1015 2638 ullo
1040 2599 1259 2652 'agricolae
1287 2597 1480 2650 periculo
1513 2608 1579 2634 es-

87 2665 183 2694 sent
213 2654 531 2708 exsequendae3
563 2654 635 2693 sed
661 2653 964 2693 difficillimum
987 2664 1137 2701 restat,
1169 2655 1421 2693 arundinum
1458 2664 1580 2703 prae-

86 2711 277 2764 paratio,
311 2719 355 2748 ut
387 2724 437 2748 ex
468 2710 521 2749 iis
551 2710 793 2750 saccharum
817 2720 1002 2762 paretur.
1064 2710 1281 2770 Quetnxad
1312 2707 1437 2747 finem
1471 2707 1579 2744 uiola

88 2766 317 2819 multisque
335 2764 543 2805 aedificiis
561 2774 601 2804 et
616 2767 957 2818 supellectilibus
977 2780 1082 2818 opus
1099 2775 1175 2809 est.
1200 2766 1256 2803 ita
1271 2775 1310 2803 ut
1334 2765 1466 2818 prium
1483 2762 1577 2800 talis

94 2823 262 2877 negotii
290 2823 502 2862 institutio
526 2836 714 2876 magnam
729 2823 894 2876 argenti
914 2836 1112 2863 summam
1130 2852 1141 2871 ,
1182 2822 1358 2861 circiter
1387 2824 1580 2860 5--0000

832 2988 843 3004 1
