1788 3183
201 153 285 198 554
352 160 629 204 Gnimmme.
726 163 1015 208 OnsssnvAno
1047 180 1291 209 exterorum
1323 183 1377 208 m·
1408 183 1702 213 ozcoxomca.

401 379 720 417 OBSERVATIO
758 383 1043 419 GEOPONICA
1076 386 1138 421 ET
1175 385 1519 423 OECONOMICA.

321 517 601 570 Posteaquam
629 518 979 566 examinavimus,
1023 534 1102 573 qua
1133 521 1296 559 ratione
1332 522 1372 560 in
1407 522 1586 561 Brasilia
1614 535 1706 575 gra-

210 571 322 611 mina
347 572 539 624 dispersa
565 575 670 619 sint,
719 574 874 613 docere
902 575 980 627 jam
997 605 1008 624 ,
1042 578 1252 628 quomodo
1276 587 1317 615 et
1342 593 1420 631 qua
1443 579 1606 617 ratione
1633 579 1705 617 ali-

211 637 316 680 quot
338 643 483 667 eorum
512 629 552 666 in
584 630 654 668 illa
683 639 793 668 terra
819 632 1012 669 colantur
1039 641 1080 670 et
1104 647 1226 686 quem
1253 634 1304 671 ad
1332 649 1450 672 usum
1481 634 1708 672 adliibean·

211 692 302 732 tur,
342 698 518 723 neeesse
561 695 638 724 est.
708 690 753 726 In
778 700 855 738 qua
887 702 933 725 re
962 687 1065 726 haee
1096 691 1177 728 duo
1203 689 1306 726 mihi
1333 690 1605 742 proponenda
1631 705 1709 742 pu-

211 743 318 789 tavi,
349 741 529 794 primum
563 751 608 780 ut
638 742 787 781 lectori
822 753 1123 791 monstrarem,
1157 759 1262 797 quae
1287 759 1430 783 eorum
1452 746 1493 783 in
1520 746 1602 783 illis
1623 755 1708 783 ter-

210 799 271 839 ris
304 806 416 836 esset
450 799 610 837 cultura
630 827 638 841 ,
687 799 840 837 deinde
882 808 927 837 ut
973 802 1194 839 nonnullas
1239 800 1466 854 adjicerem
1508 802 1708 840 observa-

210 856 348 896 tiones
367 883 377 899 ,
413 868 518 907 quae
547 854 598 893 ad
629 855 964 895 emendationem
1000 857 1065 895 rei
1095 857 1277 896 rusticae
1317 866 1384 896 aut
1410 858 1709 897 oeconomieae

209 919 440 966 pertinent.

321 969 351 1005 Ι.
394 966 597 1005 Maximus
627 967 858 1019 graminum
887 982 984 1006 usus
1014 967 1057 1005 in
1090 982 1142 1007 eo
1166 969 1328 1021 positus
1355 978 1440 1014 est,
1485 968 1598 1022 quod
1630 968 1706 1006 ho-

210 1022 395 1063 minibus
417 1034 457 1063 et
484 1022 632 1061 bestiis
654 1023 846 1062 alimenta
868 1024 1098 1076 praebent,
1148 1024 1330 1077 ideoque
1364 1026 1589 1064 conveniet
1625 1024 1706 1064 hoc

209 1079 391 1134 primum
435 1092 647 1130 exponere
685 1089 808 1132 atque
844 1080 1036 1132 incipere
1063 1095 1083 1118 a
1109 1081 1207 1119 Zea
1238 1080 1443 1133 Mayde,
1478 1082 1594 1132 eujus
1620 1081 1707 1118 cul-

209 1146 302 1175 tura
326 1149 448 1186 supra
482 1143 610 1172 totam
635 1136 880 1183 Brasiliam‚
920 1135 971 1174 ab
1002 1137 1244 1190 Aequatore
1276 1150 1407 1190 usque
1433 1136 1483 1175 ad
1505 1136 1707 1175 meridio-

211 1192 328 1232 nales
362 1190 528 1243 imperii
558 1188 684 1237 fines,
727 1200 899 1230 extensa
925 1200 1004 1233 est.

324 1247 446 1285 Haud
474 1245 643 1284 dubium
663 1256 727 1285 est
743 1274 752 1292 ,
784 1247 884 1301 quin
905 1249 970 1286 Ze
985 1263 1005 1286 a
1027 1250 1139 1301 May
1154 1263 1172 1287 5
1191 1249 1330 1301 planta
1357 1249 1409 1287 sit
1434 1262 1534 1286 vere
1557 1247 1709 1286 ameri-

213 1317 328 1344 eana.
386 1304 488 1340 Nam
516 1301 796 1354 antiquissimi
817 1313 1032 1351 auctores,
1051 1335 1057 1341 ,
1077 1305 1149 1358 qui
1172 1304 1278 1344 hane
1310 1304 1614 1343 occidentalem
1639 1317 1708 1341 or·

151 1382 156 1388 ⁴
211 1359 278 1398 bis
299 1368 458 1412 partem
478 1358 528 1396 ab
556 1358 759 1410 Hispanis
783 1369 1054 1411 expugnatam
1086 1361 1209 1399 nohis
1238 1369 1434 1406 narrant,
1481 1369 1525 1397 ut
1553 1373 1707 1398 eanm-

213 1430 316 1454 LOSA
347 1430 404 1453 Da
435 1430 486 1453 111
518 1427 653 1460 vinea,
684 1428 763 1452 nos
795 1415 1002 1454 certiores
1032 1417 1214 1462 faciunt,
1256 1416 1571 1455 Autoelnhonas
1608 1423 1706 1453 tune

208 1472 414 1524 temporis
445 1469 635 1522 Maydem
659 1470 866 1517 coluisse,
901 1469 988 1522 ejus
1022 1486 1148 1526 grana
1173 1481 1241 1511 aut
1270 1472 1378 1510 frixa
1413 1481 1481 1510 aut
1509 1470 1552 1508 in
1587 1484 1704 1523 aqua,

211 1528 320 1567 laete
342 1542 388 1567 ac
412 1527 534 1564 melle
566 1535 683 1565 cocta
712 1536 779 1564 aut
797 1527 1013 1579 placentae
1038 1528 1180 1579 specie
1207 1527 1369 1576 edisse,
1401 1536 1524 1579 atque
1549 1528 1708 1564 Perua-

214 1597 292 1622 nos
332 1596 578 1635 expressum
617 1596 786 1621 succum
821 1581 1036 1621 densando
1064 1584 1306 1624 saccharum
1333 1583 1542 1636 quoddam
1564 1591 1709 1620 nactos

215 1653 333 1687 esse,
363 1654 447 1678 non
477 1652 600 1678 secus
621 1652 667 1677 ae
685 1651 734 1676 ex
752 1638 1000 1678 fermentata
1023 1638 1272 1678 decoctione
1299 1639 1560 1684 cerevisiam,
1587 1651 1710 1692 quam

216 1695 347 1735 Ciclm
389 1696 558 1741 dieunt,
607 1704 912 1747 compararent.
970 1695 1064 1733 [llas
1103 1695 1204 1733 altas
1237 1696 1434 1746 regiones
1460 1695 1571 1747 juxta
1598 1706 1711 1745 mag-

213 1767 312 1791 num
344 1753 477 1791 lacum
518 1748 709 1788 ‘I'ilicaca
727 1780 737 1798 ‚
782 1751 834 1790 ad
854 1764 978 1804 quem
1003 1759 1167 1790 montes
1192 1747 1469 1789 Clzimborazo
1501 1751 1595 1802 ipso
1614 1779 1626 1796 ,
1666 1757 1711 1787 ut

212 1809 335 1848 testis
363 1817 426 1846 est
459 1821 768 1854 PENTLANDUS‚
797 1808 1010 1846 excellens
1042 1806 1361 1859 peregrinator,
1400 1805 1710 1859 altitudinebsu-

212 1864 406 1919 periei-es
444 1877 489 1901 se
525 1863 697 1909 tollunt,
753 1863 795 1901 in
832 1863 983 1916 quibus
1012 1862 1144 1916 pris-ei
1174 1861 1411 1914 splendoris
1442 1869 1708 1901 monumenta

210 1921 372 1975 primae
394 1918 655 1958 amerieanae
688 1919 875 1958 culturae
901 1918 1152 1957 ineunabula
1175 1917 1365 1957 indicare
1398 1916 1610 1963 videntur,
1642 1929 1708 1954 se-

216 1977 292 2015 des
330 1989 444 2021 esse,
488 1974 598 2013 unde
631 1974 809 2027 primum
842 1975 963 2013 istius
1000 1975 1115 2013 utilis
1146 1973 1347 2011 frumenti
1383 1973 1543 2010 cultura
1585 1986 1710 2023 supra

211 2043 347 2073 terras
374 2030 718 2082 Septentrionem
740 2045 889 2070 versus
913 2031 1012 2068 sitas
1036 2043 1084 2069 ae
1112 2029 1333 2068 B-rasiliam
1357 2041 1451 2067 sese
1476 2025 1706 2073 diffuderit,

211 2087 458 2130 verosimile
486 2096 561 2124 est.
622 2086 746 2124 Haud
770 2086 940 2140 quidem
961 2086 1144 2138 ignoro,
1172 2085 1314 2137 plures
1350 2097 1443 2122 esse
1476 2083 1713 2134 scriptores

217 2145 291 2199 qui
324 2145 475 2181 Zeam
511 2142 554 2179 in
586 2142 765 2180 Brasilia
797 2155 964 2194 quoque
993 2154 1190 2181 creseere
1215 2139 1542 2188 contenderint3
1574 2138 1713 2176 denuo

217 2209 351 2239 autem
376 2197 601 2237 dicendum
625 2197 725 2235 mihi
748 2206 837 2245 est,
879 2197 992 2249 quod
1023 2197 1104 2249 jam
1137 2211 1262 2248 supra
1289 2194 1591 2240 animadverti,
1631 2206 1712 2232 nec

213 2270 281 2295 me
301 2269 380 2295 nee
407 2255 554 2299 alium,
589 2262 784 2307 quantum
805 2253 893 2292 seio
909 2282 918 2300 ‚
950 2253 1211 2297 botanicum,
1246 2266 1335 2290 eam
1359 2264 1494 2304 usque
1519 2251 1710 2289 locorum

215 2312 433 2352 invenisse
459 2318 609 2362 sponte
633 2318 910 2348 crescentem.
970 2310 1087 2348 Haec
1117 2309 1254 2360 planta
1282 2308 1405 2346 etiam
1433 2320 1483 2345 ex
1508 2305 1715 2358 magnitu-

216 2368 315 2407 dine
343 2366 547 2406 seminum
579 2365 844 2418 mollitieque
871 2378 956 2403 non
984 2365 1039 2403 ita
1065 2374 1304 2416 comparata
1327 2376 1419 2401 esse
1445 2361 1635 2407 videtur,
1668 2369 1715 2398 ut

214 2424 365 2464 iisdem
390 2422 549 2469 modis,
590 2421 738 2474 quibus
757 2422 989 2474 plantarum
1010 2420 1167 2459 semina
1190 2419 1380 2472 dispergi
1406 2419 1565 2465 solent,
1598 2417 1713 2456 scili-

219 2489 288 2521 cet
315 2487 441 2518 vento
460 2507 468 2519 ,
500 2475 697 2516 fluctibus
726 2486 794 2516 aut
813 2477 981 2523 avibus,
1016 2490 1066 2514 ex
1100 2475 1232 2527 patria
1258 2474 1470 2528 primitiva
1502 2474 1546 2512 in
1575 2481 1715 2512 caete-

216 2551 285 2578 ras
301 2535 522 2574 Amerieae
542 2533 827 2572 meridionalis
851 2533 1053 2585 regiones
1072 2530 1251 2570 diffundi
1281 2530 1489 2583 potuerit3
1514 2543 1608 2568 nam
1621 2541 1714 2581 gra·

217 2595 311 2634 vius
335 2600 398 2629 est
415 2604 556 2628 semen
572 2620 581 2636 ,
614 2603 735 2641 quain
759 2597 801 2626 ut
821 2598 946 2627 vento
963 2588 1201 2636 auferatur,
1243 2595 1284 2625 et
1306 2587 1495 2632 mollius,
1528 2599 1650 2638 quam
1671 2593 1715 2622 ut

221 2660 350 2703 aquae
368 2644 588 2699 perssuviis
609 2644 1122 2697 germinandifacultatem
1144 2652 1381 2687 conservet,
1406 2652 1528 2694 atque
1551 2653 1648 2679 aves
1665 2652 1715 2677 ex

222 2707 373 2745 iisdem
414 2701 646 2740 rationibus
686 2714 764 2739 nee
801 2701 953 2753 pennis
996 2713 1075 2738 nec
1103 2709 1270 2751 gutture
1301 2696 1405 2736 illud
1435 2696 1588 2735 differe
1618 2709 1715 2747 pos-

221 2769 328 2802 sunt.
391 2757 509 2796 Unde
535 2756 749 2795 hominem
780 2755 939 2803 fuisse,
984 2756 1054 2808 qui
1086 2757 1239 2793 Zeam
1270 2755 1311 2792 in
1342 2753 1518 2792 Brasiiia
1548 2764 1715 2804 quoque

223 2814 507 2868 dissipaverit,
540 2813 770 2857 statuimus,
796 2813 985 2865 quamvis
1016 2811 1100 2850 diei
1119 2824 1204 2848 11011
1229 2811 1386 2863 possit,
1417 2823 1497 2861 qua
1527 2808 1591 2846 via
1620 2816 1716 2845 ante

219 2883 410 2926 tempora
450 2868 695 2922 longissima
733 2869 777 2906 in
813 2868 1034 2906 Brasiliam
1073 2866 1250 2907 venerit.
1281 2889 1334 2895 -
1360 2866 1453 2904 Hoc
1484 2877 1611 2903 unum
1640 2862 1716 2901 ob-
