1788 3183
228 182 310 223 558
378 177 668 218 Gnmmnffl.
736 177 1028 217 omanus-10
1061 189 1312 218 Gnoromea
1343 193 1397 218 m·
1428 194 1724 221 oncoxomcn.

220 314 310 340 mos
341 298 547 353 paniculis
584 297 787 349 separatis
818 297 888 334 alii
918 296 1065 335 rustici
1100 296 1141 334 in
1176 297 1287 347 agris
1314 298 1534 350 putrefieri
1564 301 1718 347 sinunt,
1759 299 1770 305 ”

219 358 289 396 alii
327 356 599 399 comburunt,
648 361 715 389 aut.
748 352 893 390 cincre
925 353 1199 391 stereon-amri
1240 363 1307 391 aut,
1347 356 1533 393 (cinerem
1567 358 1721 396 clavel-

220 414 347 453 latum
374 412 520 464 saponi
554 408 859 461 prael-›araturh

332 468 451 521 Quae
484 466 662 505 diximus
698 463 750 501 de
794 462 953 514 Maydis
993 464 1155 502 cultura
1195 463 1423 503 sufficient.
1496 467 1643 505 Restat
1678 477 1723 507 ut

216 525 415 565 nonnulla
442 523 494 561 de
522 521 700 560 utilitate
723 518 810 570 ejus
835 528 875 557 et
899 533 973 557 usu
1002 520 1276 558 oeconomico
1303 521 1515 560 addamus.
1571 524 1725 561 Ouarn-

220 596 342 635 qualn
375 579 501 620 culmi
535 591 581 616 ac
618 576 719 615 solia
750 574 957 614 interdum
982 574 1031 611 ad
1054 575 1282 626 pascendas
1306 577 1491 627 pecudes
1521 560 1724 616 adliiben·

217 647 311 684 tur,
353 637 395 674 in
417 649 499 688 quo
521 648 619 672 casu
655 632 791 684 planta
828 631 999 668 densius
1034 631 1231 669 seminari
1257 633 1384 678 solet7
1430 634 1559 671 multo
1586 642 1723 672 tamen

219 694 354 746 major
398 706 496 730 usus
535 702 762 743 granorum
805 695 889 731 est,
935 700 1038 738 quae
1069 696 1110 724 et
1143 687 1381 725 hominibus
1406 698 1444 726 et
1471 689 1620 727 bestiis
1644 704 1720 727 nu-

221 748 403 790 triendis
436 762 482 787 ac
516 743 771 784 roborandis
797 742 1036 795 aptissima,
1082 743 1208 780 immo
1253 743 1397 789 etiam,
1455 745 1648 783 Mineiris
1681 754 1724 783 et

219 804 453 845 Paulitanis
490 800 801 845 asserentibus,
849 812 969 850 quam
1009 798 1142 837 farina
1177 811 1227 837 ex
1269 799 1541 839 Mandioccae
1581 801 1725 840 radice

219 871 363 917 parata
396 860 525 898 multo
549 855 782 897 salubriora
805 869 898 892 esse
924 853 1134 892 (licuntur.
1195 855 1333 913 Quum
1357 855 1467 893 enim
1496 856 1581 895 illic
1606 857 1722 896 loco·

221 933 315 958 rum
351 929 498 955 omnes
529 928 598 953 res
620 911 804 950 medicas
830 919 870 948 et
897 909 1077 949 cibarias
1101 910 1143 948 in
1175 911 1299 949 calidi
1327 913 1647 963 temperamenti
1680 921 1723 951 et

216 973 368 1028 frigidi
398 971 688 1023 distinguere,
720 981 809 1005 inos
836 965 1048 1012 obtineat,
1081 968 1190 1005 Zeae
1223 967 1399 1004 farinam
1426 968 1538 1005 inter
1572 968 1717 1014 calida,

214 1030 408 1070 Maniliot
443 1036 591 1066 contra
631 1025 745 1062 inter
783 1022 937 1074 frigida
977 1021 1148 1060 habent.
1220 1023 1455 1061 &ranorum
1490 1023 1624 1061 farina
1658 1024 1722 1064 vel

216 1101 340 1142 quam
372 1083 646 1123 subtilissime
684 1079 856 1117 molitur
897 1073 1072 1127 (Faba)
1114 1078 1180 1116 vel
1227 1078 1408 1117 crassius
1460 1078 1717 1118 diminuitur.

217 1140 420 1184 Subssavo
463 1149 528 1179 est
572 1137 742 1181 colore,
788 1135 959 1173 multum
996 1148 1126 1186 aquae
1166 1133 1389 1179 absorbet,
1433 1148 1578 1186 parum
1610 1135 1716 1174 intu-

216 1199 394 1245 mescit,
438 1205 502 1235 est
536 1193 773 1236 furfurosa,
818 1190 1029 1228 fermento
1062 1190 1128 1228 vix
1157 1190 1428 1242 conjungitur
1453 1204 1500 1229 ae
1530 1200 1718 1230 veteras-

219 1270 322 1298 cens
348 1266 445 1292 mox
479 1250 678 1302 subnigra
719 1246 872 1286 evadit.
944 1246 1108 1303 Quibus
1151 1246 1344 1284 omnibus
1392 1246 1623 1285 rationibus
1664 1247 1718 1285 si·

218 1312 392 1352 millima
413 1317 478 1347 est
501 1307 661 1346 farinae
691 1304 861 1357 generis
891 1302 1069 1355 Sorghi,
1110 1302 1222 1355 quod
1258 1301 1308 1340 ab
1344 1302 1445 1339 alma
1481 1312 1612 1341 matre
1637 1304 1719 1341 Na-

219 1380 312 1410 tura
356 1365 525 1405 Africae
571 1359 808 1402 continenti
849 1359 1108 1411 impertitum
1162 1370 1256 1395 esse
1294 1357 1485 1402 videtur,
1529 1368 1572 1397 ut
1611 1357 1722 1397 idem

219 1431 429 1480 praestet,
463 1419 577 1474 quod
610 1418 654 1456 in
686 1414 879 1455 America
903 1416 1000 1452 Zea.
1072 1415 1109 1452 A
1140 1412 1274 1451 farina
1311 1422 1552 1452 nostrorum
1581 1415 1725 1466 vulga-

220 1482 330 1521 rium
357 1476 595 1518 Cerealium
622 1472 757 1512 farina
779 1472 887 1509 Zeae
908 1469 1114 1523 imprimis
1140 1469 1183 1506 in
1210 1482 1261 1507 eo
1282 1468 1449 1515 diflert,
1483 1469 1595 1522 quod
1625 1469 1724 1509 huic

220 1539 293 1577 illa
311 1533 508 1580 materia,
553 1543 658 1584 quae
686 1529 806 1581 panis
839 1536 1044 1565 tumorem
1070 1524 1231 1571 efficit,
1275 1525 1418 1576 gluten
1453 1525 1513 1565 sie
1549 1525 1721 1572 (lictum,

221 1607 307 1633 non
331 1591 456 1640 insit3
490 1587 565 1628 sed
591 1599 670 1639 pro
694 1598 744 1622 eo
768 1583 920 1629 Zeine7
953 1597 974 1620 a
1006 1582 1057 1621 el.
1090 1595 1275 1621 GonuAM
1299 1581 1490 1619 inventa:
1531 1581 1723 1620 substan-

222 1651 281 1690 tia
307 1646 437 1694 ssava‚
471 1644 640 1688 cerina,
673 1641 835 1682 mollis,
868 1640 1003 1685 lenta,
1048 1638 1242 1682 elasfica,
1282 1636 1488 1689 insipida,
1531 1636 1624 1675 fere
1660 1637 1723 1674 in-

225 1705 380 1750 odora,
423 1714 528 1755 quae
552 1713 656 1753 aqua
682 1706 723 1736 et
748 1696 855 1735 oleis
881 1693 1109 1747 pinguibus
1134 1692 1471 1739 indissolubilis,
1505 1693 1548 1730 in
1575 1693 1728 1745 spiritu

224 1761 314 1803 vini
342 1759 444 1810 (hoe
477 1758 571 1810 ipso
599 1770 620 1794 a
647 1753 819 1807 glutine,
843 1750 1083 1796 distincta),
1127 1750 1298 1787 aethere
1334 1757 1375 1787 et
1412 1749 1507 1786 oleo
1540 1749 1727 1787 terebin-

226 1818 370 1859 thinae
391 1815 587 1861 omnino,
630 1809 799 1863 aquosis
828 1806 961 1847 acidis
987 1805 1259 1844 mineralibus
1289 1813 1331 1842 et
1354 1804 1510 1842 salibus
1538 1804 1725 1843 alealinis

225 1872 423 1915 causticis
453 1883 506 1910 ex
537 1876 657 1923 parte
693 1863 978 1909 dissolubilis,
1022 1861 1177 1900 resinis
1208 1860 1489 1913 conjungitur.
1548 1861 1725 1898 Praeter

225 1941 333 1981 hane
369 1936 608 1982 materiam,
650 1932 825 1986 amylum
856 1921 1083 1990 (⁷⁷IC‘JUL
1115 1926 1293 1980 gummi,
1340 1926 1606 1972 saccharum,
1644 1939 1726 1964 ma-

228 2007 359 2048 teries
386 2002 667 2048 albunimosa,
701 1998 977 2038 extractivum
995 2024 1004 2041 ,
1037 1993 1141 2032 fibra
1167 1992 1415 2046 vegetabilis
1443 2001 1483 2029 et
1509 1991 1660 2030 humor
1682 1991 1726 2028 in

224 2062 388 2116 Maydis
418 2060 555 2099 farina
578 2056 864 2096 continentur.
937 2051 1004 2090 Ob
1033 2051 1149 2089 illum
1179 2049 1350 2102 glutinis
1382 2047 1596 2086 defectum
1616 2047 1727 2085 Zeae

225 2120 362 2161 farina
388 2116 524 2155 minus
551 2114 593 2152 in
617 2125 723 2165 pane
754 2109 894 2162 (panis
915 2122 965 2146 ex
989 2120 1035 2146 ea
1062 2113 1229 2159 paratus
1262 2113 1303 2142 et
1332 2101 1451 2141 Broa
1486 2102 1621 2142 dictus
1654 2116 1726 2141 ne-

227 2188 310 2231 que
333 2173 470 2213 suavis
497 2182 634 2223 neque
656 2166 844 2216 saluber)
880 2177 1000 2218 quam
1041 2162 1085 2200 in
1120 2160 1353 2212 placentis,
1398 2173 1491 2198 curn
1526 2158 1725 2198 saccharo

229 2241 272 2272 et
310 2227 565 2270 aromatibus
601 2225 645 2263 in
677 2223 796 2264 vario
836 2219 958 2273 operi
985 2217 1166 2271 pistorio
1203 2215 1486 2262 consumitur,
1526 2215 1726 2267 omnique

226 2287 353 2328 modo
391 2286 433 2324 in
478 2280 674 2336 coquinis
715 2286 952 2331 apparatur.
1023 2270 1157 2327 Angli
1195 2280 1237 2310 et
1274 2266 1486 2324 Anfiznge
1524 2279 1729 2310 vocantur

226 2344 424 2399 polentae
455 2338 650 2392 species,
698 2338 803 2389 quae
850 2330 1018 2372 fervida
1054 2343 1157 2383 aqua
1198 2336 1267 2367 aut
1306 2326 1398 2380 jure
1437 2326 1626 2366 carnium
1658 2324 1730 2365 aut

226 2401 335 2440 lacte
378 2398 512 2450 rigata
560 2392 709 2432 solitus
752 2390 898 2437 cibus,
971 2383 1224 2441 praesertim
1269 2396 1511 2429 servorum,
1567 2381 1727 2421 existit.

229 2455 397 2496 Cuscaz
428 2461 469 2492 et
499 2447 693 2502 Mingcm
723 2446 830 2485 aliae
861 2452 960 2483 sunt
986 2441 1246 2481 ferculorum
1271 2439 1436 2492 species
1461 2451 1512 2476 ex
1534 2451 1583 2476 ea
1606 2451 1728 2491 para-

228 2522 394 2557 torum,
437 2503 732 2561 (quadraginta
763 2501 933 2541 diversa
964 2498 1125 2538 fercula
1158 2496 1202 2535 in
1225 2494 1421 2533 Ameriea
1452 2507 1503 2532 ex
1525 2507 1575 2534 ea
1603 2492 1729 2533 condi

230 2566 470 2614 dicaam->3
518 2570 561 2601 et
607 2558 834 2614 praecipue
875 2558 919 2594 in
962 2551 1193 2607 provinciis
1233 2548 1317 2588 Rio
1349 2547 1522 2588 Grande
1555 2547 1611 2588 do
1635 2545 1727 2596 Sul,

230 2625 274 2665 S.
295 2618 427 2661 Pauli
454 2628 498 2658 et,
531 2614 707 2664 Minas,
752 2611 931 2661 Canjica
969 2610 1030 2649 sie
1070 2608 1182 2647 dicta
1216 2605 1412 2659 inprimis
1452 2605 1585 2652 valet,
1642 2604 1728 2657 jus-

229 2677 370 2720 culum
394 2690 445 2715 ex
464 2673 630 2728 granis,
673 2679 781 2710 testa
811 2666 1028 2707 exteriore
1060 2672 1273 2716 separata,
1316 2675 1408 2700 cum
1437 2661 1545 2700 lacte
1571 2664 1613 2699 et
1638 2659 1736 2700 sac?

231 2735 360 2776 charo
384 2739 595 2786 paratum,
642 2726 851 2766 ferculum
885 2721 1036 2762 rusti-ci
1066 2718 1378 2773 quotidianum,
1431 2729 1513 2770 quo
1553 2715 1727 2755 invento

231 2790 419 2830 Paulista
454 2800 541 2825 non
565 2783 703 2833 minus
729 2795 775 2820 se
798 2781 925 2835 jactat
950 2790 1072 2830 quam
1102 2772 1350 2819 itineribus,
1400 2771 1550 2826 quibus
1583 2771 1728 2811 Brasi-

231 2847 332 2887 liam
375 2842 559 2891 detexit,
614 2847 658 2877 et
692 2836 855 2891 magnis
889 2833 1027 2888 palliis
1068 2831 1160 2870 sine
1198 2827 1375 2869 manicis
1413 2824 1643 2881 (Ponchy)
1679 2824 1746 2867 ac²

230 2900 429 2955 stragulis
454 2894 691 2952 pensilibus
713 2890 1045 2934 lectorumloco
1075 2885 1273 2927 inductis.
1576 2899 1578 2901 ·
1739 2888 1746 2898 ⁴
