1788 3183
69 279 220 318 Donec
251 273 300 316 ad
331 280 561 314 extremam
591 272 728 314 victor
757 272 996 328 pervaserit
1026 284 1160 314 oram.

71 350 162 388 Nec
192 347 315 386 labor
345 344 418 383 ille
448 344 590 384 minor
619 356 787 394 caesa8‚
828 357 1065 398 campoque
1104 343 1296 397 jacentes

75 418 337 472 Sublegere‚
378 415 510 468 inque
552 428 651 453 suos
692 428 847 455 cannas
888 414 1169 468 compingere
1208 413 1360 454 fasces.

75 484 229 525 Vincla
269 484 421 536 procul
464 497 518 523 ne
549 498 707 538 quaere
748 495 911 533 tamen,
951 500 1046 524 nam
1084 485 1212 525 molle
1252 498 1468 535 cacumen,

71 555 213 610 Atque
245 554 350 594 adeo
383 555 426 593 in
467 554 643 608 laqueos
674 556 856 595 trahitur
892 569 1010 596 coma
1041 556 1151 595 lenta
1182 565 1384 597 retortos.

71 626 164 665 Hos
195 625 398 665 adhibent
439 625 588 664 funes:
615 638 768 665 cannas
800 635 844 665 et
872 625 989 665 fasce
1020 626 1096 665 sub
1126 641 1211 667 uno

78 697 154 736 Bis
186 710 259 736 sex
289 696 618 749 constringunt,
650 697 936 751 pl'austrisque
969 697 1238 750 gementibus
1265 696 1446 738 addunt:

79 766 154 806 Sin
188 767 419 820 interjecto
450 767 601 820 procul
634 767 772 807 absint
800 766 976 807 flumine
1005 768 1178 821 praela,

79 837 302 876 Lintvibus
336 847 405 877 aut
436 836 583 890 cymba
615 837 828 876 cumulant
857 839 1058 893 vectanda
1091 839 1262 893 capaci:

81 908 223 963 Atque
261 908 334 948 hie
372 907 453 961 jam
493 907 614 948 lectis
656 907 778 947 labor
815 908 985 948 ultimus
1023 909 1151 948 instat
1189 909 1348 951 avenis.

190 979 365 1031 Excipit
394 978 584 1032 hospitio
616 979 816 1019 devectas
846 980 1037 1034 undique
1069 993 1222 1019 cannas
1291 965 1297 979 ι

80 1051 175 1091 Alta
215 1051 365 1089 domus
406 1049 556 1098 tectis,
603 1049 828 1104 spatioque
867 1051 1126 1104 amplissima
1165 1060 1277 1091 totoz

81 1122 165 1162 Hic
204 1121 322 1161 locus
367 1130 431 1160 est
475 1120 656 1173 praelis:
699 1120 770 1160 hic
820 1121 958 1173 surgit
997 1121 1167 1175 aquaria
1206 1121 1357 1161 moles.

81 1194 159 1232 Est
189 1200 282 1231 rota
313 1191 593 1245 praegrandis
625 1191 790 1244 primo,
831 1200 1062 1245 exceptura
1092 1192 1256 1232 ruentis

78 1263 253 1302 Pondus
292 1276 449 1316 aquae,
491 1262 624 1300 radiis
666 1270 886 1315 compacta
918 1262 1173 1309 trabalibus,
1206 1262 1359 1318 fixique

84 1332 250 1380 Affixa,
283 1341 425 1372 aerato
459 1332 532 1386 'qui
563 1332 737 1372 cardine
768 1333 970 1388 utrinque
1002 1333 1227 1373 recumbit.

82 1404 292 1458 Pergit-«tr
324 1417 346 1443 e
379 1403 547 1451 medio,
581 1413 623 1444 et
650 1404 868 1457 procurrit
899 1404 1046 1458 stipite
1077 1404 1208 1458 longo

85 1476 216 1525 Axis3
257 1476 308 1514 ad
354 1484 590 1514 extremum
633 1475 834 1515 breviore
865 1475 1101 1515 minuscula
1145 1488 1253 1529 gyro

84 1546 230 1585 Altera
274 1544 352 1584 fixa
392 1554 486 1585 rota
528 1555 616 1594 est,
660 1555 794 1585 totum
834 1546 1003 1586 dentata
1049 1560 1129 1600 per
1172 1546 1336 1587 orbem.

87 1618 207 1656 Haec
239 1625 397 1656 motum
429 1617 618 1669 primae,
650 1625 764 1656 totus
797 1631 880 1671 quo
911 1617 1097 1657 volvitur
1127 1617 1238 1666 axis,

88 1688 251 1728 Versus
281 1687 454 1726 humum
486 1702 536 1727 ex
567 1688 650 1727 alto
683 1688 877 1742 sequitur
906 1688 1121 1741 vertigine
1151 1688 1291 1738 tarda,

85 1760 142 1799 Et
184 1758 355 1812 quoties
395 1758 578 1797 redeunt
622 1773 786 1798 sursum
827 1767 945 1798 certo
996 1760 1149 1799 ordine
1189 1759 1364 1809 dentes,

86 1829 308 1869 Mordieus
339 1828 540 1882 impingit
569 1830 702 1869 vicini
733 1830 930 1869 dentibus
961 1830 1105 1870 orbisz

88 1901 215 1941 Extat
244 1899 383 1947 enim,
416 1909 542 1954 atque
574 1902 667 1938 sinu
699 1901 991 1954 supereminet
1019 1901 1159 1941 orbita
1189 1910 1309 1942 vasto

92 1971 270 2018 'l'ertia‚
303 1984 453 2024 quam,
484 1983 617 2010 vacuo
648 1971 797 2012 librata
830 1972 945 2026 quod
975 1986 1073 2011 aere
1104 1985 1253 2012 cursus

93 2042 260 2081 Circuit
291 2041 425 2081 instar
455 2041 569 2090 avis,
601 2042 757 2082 merito
788 2042 936 2082 dixere
960 2041 1190 2082 volantem.

93 2115 204 2160 Ista,
234 2120 354 2152 rotae
386 2111 557 2167 quoties
586 2126 732 2152 morsu
763 2122 827 2152 est
856 2121 1055 2166 correpta
1086 2113 1291 2162 minoris,

91 2184 220 2224 Pulsa
252 2182 391 2235 agitur
419 2183 601 2231 circum,
634 2196 865 2238 secumque
897 2184 1076 2224 revolvit
1105 2193 1147 2223 et
1177 2198 1320 2224 axem:

94 2253 352 2307 Subpositos
383 2252 549 2293 demum
582 2254 672 2307 ipsa
705 2262 849 2293 movet
877 2255 1067 2294 revoluta
1097 2263 1299 2308 trapetes.

96 2324 273 2366 Robora
300 2332 421 2363 terna
452 2325 590 2376 (gravi
623 2337 728 2378 quae
756 2324 910 2364 lamina
940 2325 1092 2365 vestiat
1124 2340 1249 2375 aere,

96 2397 304 2456 Quaeque
345 2393 591 2434 rotundanti
630 2394 778 2434 dextra
817 2394 940 2435 faber
979 2405 1074 2435 ante
1118 2395 1298 2445 dolavit,

94 2467 152 2506 Et
184 2465 325 2504 medio
358 2473 547 2504 extantes
580 2464 777 2519 cingant,
823 2475 922 2520 apto
953 2465 1132 2513 ordine,
1177 2467 1349 2519 dentes)

98 2538 212 2575 Intra
244 2549 405 2586 arcam>
439 2549 490 2574 ex
523 2545 705 2590 quatuor
734 2550 840 2591 quae
870 2536 1067 2591 postibus
1098 2546 1188 2577 arte
1219 2538 1401 2587 locatis,

97 2610 236 2660 Atque
270 2620 396 2660 supra
427 2606 592 2644 innexis
625 2607 680 2645 sit
709 2606 830 2648 firme
862 2609 1031 2648 condita
1062 2608 1221 2662 tignis,

96 2677 252 2716 Limite
283 2685 396 2716 stent
425 2685 570 2723 recto,
601 2677 731 2730 tignis
762 2679 920 2719 inserta
953 2692 1160 2731 superne,

97 2748 156 2788 Et
184 2747 366 2786 verubus
397 2745 572 2785 subnixa
604 2747 713 2788 suis:
747 2763 794 2789 ea
825 2750 987 2790 torcula
1020 2758 1156 2790 sunto.

101 2818 336 2871 Supremae
365 2816 435 2858 illa
463 2827 581 2859 rotae
612 2818 791 2862 subsunt
819 2820 902 2863 tria
930 2820 1112 2870 robora,
1143 2827 1305 2861 motum

1497 157 1577 199 585
