1788 3183
193 215 277 256 548
447 211 732 250 Gummi-:sm
792 206 1076 247 Osssmivmio
1108 219 1438 248 (mooun-nica.

198 330 444 385 provinciae
504 329 715 368 Minarum
759 335 922 380 partem
961 327 1125 366 obviam
1159 326 1204 367 fit
1248 328 1424 378 (incolis
1465 325 1693 379 ΤαραηΙιο-

197 400 392 436 accingit,
429 386 455 423 i.
487 399 523 424 e.
556 394 682 437 caput
716 384 937 436 Nigritae,
968 383 1243 435 appellatum)
1280 384 1473 423 omnibus
1495 385 1589 424 aliis
1615 385 1692 424 soli

197 442 428 498 generibus
471 442 695 493 praeferre
738 439 888 478 videri.
958 440 1171 491 Egregius
1209 438 1481 486 observator,
1530 440 1580 479 cl.
1623 454 1696 480 At*-

198 512 357 540 Gusrus
402 511 457 534 nn
492 514 523 537 s.
573 509 756 534 niumm:
803 495 961 533 vidisse
994 508 1037 533 se
1075 495 1198 540 dicit,
1257 509 1431 549 gramen
1477 496 1559 534 hoc
1588 511 1691 536 non-

195 555 278 594 nisi
325 553 432 592 locis
491 552 575 590 illis
628 564 878 597 occurrere,
938 564 1045 603 quae
1064 579 1074 595 ,
1130 558 1227 602 post
1275 553 1406 603 sylvas
1448 551 1692 605 aborigines

197 624 342 651 caesas
379 608 514 656 culta,
556 620 603 646 ac
637 614 786 659 postea
813 605 952 644 denuo
986 605 1134 644 relicta
1175 606 1282 653 sint,
1330 607 1372 645 id
1406 609 1519 661 quod
1551 618 1692 647 nostia

196 665 498 707 observatione
552 661 891 716 quoddammodo
929 675 1012 700 non
1038 675 1261 713 possumus
1296 676 1378 702 non
1416 663 1691 712 confirmare3

197 736 290 761 nani
319 719 467 759 nullibi
492 732 664 772 gramen
700 717 781 757 hoc
810 718 928 756 adest
957 719 1080 769 copia
1111 717 1292 767 majore,
1325 733 1447 771 quam
1470 719 1511 757 in
1538 720 1691 758 monti·

196 779 275 818 bus
301 777 412 816 inter
441 775 587 814 urbem
619 772 730 812 Villa
767 771 899 811 Ricca
938 782 979 811 et
1006 773 1209 825 oppidum
1260 772 1367 813 Villa
1401 774 1453 812 do
1494 772 1692 826 Principe

197 831 548 877 decurrentibus,
600 844 727 884 quos,
773 830 1018 882 priusquam
1053 829 1156 866 culti
1195 829 1375 878 suerint,
1429 831 1692 870 densissimis

196 888 446 929 nemoribus
483 886 702 925 horruisse
742 894 888 924 notum
922 894 998 923 est.
1060 882 1238 944 Quando
1277 886 1340 924 his
1368 886 1476 925 locis
1509 887 1691 940 agricola

198 944 510 998 plantationes,
571 942 686 995 quod
737 941 1008 980 sterilescere
1045 941 1276 992 incipiant,
1329 941 1554 994 relinquit,
1596 957 1692 982 mox

197 1014 371 1055 gramen
396 998 501 1037 illud
520 999 680 1036 sociale
702 1010 811 1035 nunc
837 998 936 1035 Pte
954 995 1074 1035 ride
1107 997 1332 1036 caudata
1364 1000 1692 1046 concomitante,

196 1070 307 1096 nunc
334 1064 428 1108 post
456 1054 568 1092 illam
591 1082 600 1099 ,
640 1062 750 1092 tanta
788 1053 912 1104 copia
953 1052 1220 1103 pullulascit,
1261 1062 1305 1091 ut
1339 1053 1459 1092 brevi
1495 1054 1599 1092 nulli
1634 1055 1692 1094 al-

196 1113 281 1153 teri
304 1114 470 1166 plantae
496 1109 614 1148 locus
637 1108 928 1162 relinquatur3
972 1121 1124 1161 magno
1150 1118 1287 1147 tamen
1312 1119 1484 1149 naturae
1511 1111 1575 1149 sui
1598 1111 1689 1149 vin·

197 1169 307 1209 dicis
347 1166 661 1212 emolumento,
716 1178 809 1201 nam
844 1178 971 1217 quum
1005 1163 1168 1202 radices
1196 1165 1419 1217 quotannis
1442 1179 1571 1204 novas
1592 1180 1688 1219 pro—

195 1225 375 1278 pagines
396 1222 662 1275 germinent,
695 1219 844 1258 culmis
869 1219 1073 1273 foliisque
1106 1220 1408 1259 vestutioribus
1439 1230 1689 1273 putrescen-

195 1282 332 1327 tibus,
365 1278 462 1317 inde
491 1291 596 1317 nova
620 1276 771 1314 humus
795 1275 1072 1329 pinguissima
1097 1276 1298 1329 gignitur.
1359 1277 1561 1316 Occurrit
1590 1292 1689 1317 vero

195 1337 280 1376 hoc
317 1347 517 1389 gramen,
570 1333 650 1372 etsi
684 1331 841 1370 minori
879 1332 1025 1383 eopia,
1068 1332 1174 1369 locis
1208 1332 1332 1371 etiam
1366 1333 1487 1381 aliis;
1529 1347 1606 1387 qua
1639 1348 1687 1373 re

197 1393 326 1445 longe
347 1390 492 1429 absum
520 1389 570 1428 ab
595 1387 799 1441 opinione
821 1388 873 1426 el.
897 1388 949 1426 de
978 1401 1009 1425 s.
1027 1401 1224 1435 niLAlnic,
1258 1388 1552 1434 existimantis,
1586 1389 1690 1428 illud

196 1448 265 1487 his
298 1447 406 1486 locis
429 1445 704 1499 peregrinum
744 1456 862 1490 esse,
910 1457 1159 1497 quamquam
1187 1444 1390 1496 quosdam
1427 1445 1589 1484 accolas
1620 1446 1689 1484 ad-

196 1505 347 1551 ducat,
396 1516 575 1555 quorum
609 1500 681 1538 alii
716 1498 967 1538 Monachum
1009 1498 1244 1553 quendam.
1292 1502 1482 1539 Fratrem
1506 1501 1689 1540 Ludovi-

196 1573 290 1600 cum,
329 1559 525 1604 nomine,
579 1556 707 1601 illud,
749 1564 793 1594 ut
830 1554 1127 1606 profuturum,
1171 1555 1332 1594 sevisse
1370 1556 1501 1605 (unde
1535 1571 1688 1596 nomen

197 1614 393 1666 Caa-pim
427 1614 480 1651 do
517 1610 633 1665 Frey
662 1608 775 1649 Lniz
804 1610 1029 1656 haberet),
1072 1609 1144 1649 alii
1186 1624 1284 1649 casu
1328 1612 1370 1649 in
1409 1613 1563 1651 calceis
1593 1626 1685 1665 aga-

196 1672 312 1712 sonis
346 1670 571 1723 cujusdam‘
601 1667 771 1720 regioni
803 1665 903 1704 huic
937 1665 1097 1704 illatum
1127 1666 1251 1718 ajunt.
1322 1668 1480 1707 Verum
1515 1668 1685 1722 quidem

197 1737 282 1775 est,
315 1727 535 1780 propriam
571 1738 665 1763 esse
705 1722 960 1776 quarundam
984 1723 1216 1774 plantarum
1242 1722 1509 1774 sylvestrium
1542 1724 1687 1763 condi-

194 1785 383 1828 tionem,
432 1791 476 1820 ut
516 1781 638 1820 novis
677 1776 804 1817 teri-is
850 1778 990 1817 illatae
1034 1779 1187 1817 mirum
1229 1789 1428 1832 quantum
1461 1781 1687 1829 luxurient,

194 1837 550 1894 quemadmodum
578 1835 620 1874 id
654 1834 764 1887 apud
791 1847 867 1873 nos
895 1833 1305 1887 Galinsogaeae
1336 1836 1686 1888 parviflorae

197 1896 365 1935 accidit.
427 1894 566 1957 Quum
592 1901 701 1931 'vero
734 1890 994 1929 Pteridis
1025 1891 1310 1931 caudatae,
1342 1891 1509 1943 plantae
1530 1891 1688 1946 absque

193 1951 322 1991 dubio
349 1948 617 1989 brasiliensis
635 1977 643 1993 ,
676 1947 716 1984 in
740 1946 959 1985 consortio
984 1945 1236 2000 plerumque
1263 1946 1365 1985 illud
1393 1961 1564 2000 gramen
1588 1961 1688 2000 pro-

192 2007 359 2053 veniat,
405 2005 631 2045 diffieilior
658 2002 704 2041 fit
732 2002 947 2053 suspicio,
989 2001 1031 2040 id
1058 2003 1287 2055 originitus
1314 2004 1523 2041 Minarum
1543 2004 1686 2056 regio-

190 2063 316 2102 nibus
357 2061 490 2100 fuisse
532 2068 791 2099 extraneum.
853 2059 1077 2096 Caeterum
1118 2059 1160 2096 in
1193 2058 1497 2111 graminum
1526 2058 1687 2098 Orea-

192 2121 310 2159 dum
342 2118 546 2170 regione,
593 2115 752 2169 quippe
783 2127 891 2168 quae
931 2112 1225 2166 frigidiuscula
1253 2114 1542 2168 continuoque
1574 2120 1686 2154 comss

188 2174 378 2221 mereto,
412 2173 524 2226 quod
550 2184 630 2224 epe
658 2170 866 2208 mulorum
892 2169 1137 2222 peragitur,
1180 2169 1466 2224 frequentata,
1498 2171 1686 2224 gramina

189 2243 398 2282 eurepaea
429 2228 598 2267 facilius
635 2238 882 2265 assuescere
920 2233 1118 2276 possunt,
1173 2225 1289 2275 cujus
1320 2225 1382 2263 rei
1407 2226 1599 2278 exemplo
1623 2235 1687 2266 est

189 2289 223 2325 P
238 2300 294 2326 oa
318 2299 412 2324 ann
430 2300 451 2321 u
466 2299 507 2330 a,
540 2284 590 2322 al)
611 2282 663 2320 cl.
690 2296 721 2320 s.
752 2293 928 2320 amitina:
950 2293 1083 2332 prope
1107 2279 1261 2318 Villam
1279 2278 1429 2318 Ricam
1451 2281 1685 2321 observata.

300 2342 372 2383 IV.
412 2339 666 2381 Gramina
708 2337 960 2388 Dryades
1013 2336 1235 2389 regionem
1275 2336 1522 2388 sylvestrem
1563 2338 1682 2376 inco-

187 2398 301 2445 lunt,
335 2410 442 2450 quae
470 2404 606 2434 tractu
634 2393 840 2432 formatur
878 2391 1112 2438 montium,
1159 2389 1286 2430 Serra
1320 2391 1375 2430 do
1408 2390 1522 2431 nilar-
1547 2392 1684 2432 dicto-
1723 2420 1728 2423 ι

186 2467 307 2501 rum,
352 2454 530 2492 Granite
563 2449 815 2503 praecipue,
875 2448 1085 2495 Gneisso,
1138 2447 1371 2498 Syenitite‚
1413 2457 1455 2488 et
1482 2450 1526 2487 in
1561 2457 1682 2501 parte

188 2523 310 2565 quarn
339 2507 515 2547 maxime
543 2505 713 2545 australi
739 2503 1045 2543 verosimiliter
1080 2504 1350 2550 recentiore,
1391 2519 1514 2558 quam
1540 2504 1682 2543 Flotz·

184 2575 309 2618 trapp
337 2564 504 2609 dicunt,
547 2561 803 2601 formatione
836 2567 1070 2598 constante.
1142 2561 1320 2598 Tractus
1343 2559 1413 2599 hie
1436 2559 1566 2613 longo
1589 2560 1682 2614 qui·

183 2621 281 2660 dem
321 2620 421 2672 jugo
459 2619 556 2657 inde
586 2631 606 2656 a
635 2615 943 2668 Septentrione
979 2629 1124 2654 versus
1157 2615 1384 2654 Meridiem
1424 2615 1683 2663 extenditur,

183 2690 337 2729 nempe
375 2691 394 2714 a
426 2674 656 2718 districtus,
684 2684 808 2725 quem
837 2670 1043 2709 Comama
1069 2669 1146 2708 dos
1187 2668 1329 2708 Illzeos
1369 2670 1514 2710 dicunt
1555 2671 1680 2719 (latit.

182 2741 312 2772 austr.
353 2739 397 2779 14
424 2730 563 2783 grad.)
591 2742 725 2782 usque
751 2727 802 2765 ad
830 2724 935 2780 fines
959 2725 1162 2765 australes
1188 2727 1436 2779 provinciae
1463 2728 1504 2767 S.
1531 2725 1681 2766 Catha-

179 2788 297 2828 rinae
325 2787 415 2837 (lat.
438 2794 568 2832 austr.
596 2797 646 2835 29
663 2781 801 2837 grad.)
816 2810 827 2828 ,
859 2781 1082 2821 altitudine
1105 2782 1271 2821 varians
1290 2783 1403 2822 inter
1422 2781 1554 2835 pedes
1578 2794 1680 2822 1200

179 2853 223 2883 et
235 2843 369 2893 30003
400 2850 583 2881 attamen
600 2838 742 2880 omnia
763 2838 966 2891 gramina,
998 2850 1078 2889 per
1097 2836 1220 2890 hujus
1239 2838 1430 2892 regionis
1442 2838 1679 2892 primaevas

177 2899 311 2952 sylvas
326 2897 601 2952 hospitantia,
622 2896 673 2935 ad
689 2895 856 2936 easdem
877 2893 1048 2947 species
1064 2895 1301 2948 pertinere,
1323 2893 1390 2937 vel
1409 2902 1524 2934 certe
1537 2893 1696 2947 altitu-0
