1788 3183
191 186 276 228 440
459 186 745 228 GnAmmmss.
805 188 1045 228 Eunus-mn.
1104 188 1415 229 anocnzoa.

307 307 493 347 Gramen
529 307 749 347 vaccinum
797 306 1011 357 foemina,
1058 305 1245 361 Rumple.
1280 306 1414 348 Amb.
1453 304 1524 346 Vl.
1562 320 1604 345 n.
1640 319 1701 346 ιο.

362 369 391 402 t.
417 358 517 414 4.s.
548 378 583 403 2.

304 433 466 472 Ranara
500 433 647 481 Pulla,
680 431 853 472 Rlzeede
877 431 995 473 Mal.
1028 431 1140 472 XII.
1163 448 1208 486 p.
1242 432 1330 473 131.
1356 439 1387 472 t.
1419 431 1486 485 (π).

312 509 349 543 β.
383 502 514 554 spicis
544 503 749 543 solitariis
780 512 850 543 aut
880 503 1064 556 geminis
1090 503 1335 544 multifloris
1364 499 1704 550 3—4·ssorisve,

198 558 336 600 culmo
364 558 740 611 3—5-pollicari.

308 627 362 667 H.
389 634 427 666 et
457 624 511 666 Η.
538 627 565 666 l.
592 642 626 666 c.
654 625 820 666 Runtle.
850 625 958 681 Syn.
984 629 1018 666 I.
1050 641 1095 679 p.
1134 627 1226 668 226.

306 695 515 734 Eleusine
548 697 791 749 distachya,
834 695 954 736 Trita.
986 696 1029 735 in
1056 696 1140 736 litt.

314 765 524 804 Triticum
565 767 848 820 geminatum,
892 765 988 820 Spr.
1015 765 1057 806 S.
1097 771 1140 808 V.
1170 768 1204 805 I.
1229 781 1273 820 p.
1301 765 1397 807 326.
1430 780 1472 806 η.
1497 764 1565 815 34.
1598 760 1704 813 (fide

366 819 497 859 Herb.
522 821 576 861 cl.
604 822 808 874 ottonis.)

312 888 493 929 Habitat
535 907 627 931 var.
669 910 706 931 οι.
730 891 1092 948 frequentissima
1134 891 1177 931 in
1214 891 1355 946 pratis
1393 898 1432 930 et
1473 890 1704 945 aggeribus

197 959 333 998 prope
364 946 446 985 Rio
480 948 531 985 de
561 947 735 987 Janeiro
754 965 771 1000 5
811 949 1009 1000 (Radcll.)
1069 950 1117 987 In
1140 946 1396 999 granzinosiS
1417 954 1458 986 et
1482 947 1525 986 in
1551 961 1704 986 areno—

200 1001 256 1040 sis
279 1001 667 1057 siecinscnlisjere
698 1005 882 1058 ubique,
923 1004 1176 1059 praesertim
1202 1003 1320 1042 haud
1345 1002 1503 1056 procul
1536 1017 1561 1041 α
1593 1003 1706 1042 mari

199 1057 243 1095 ιή
262 1057 463 1110 plurimis
480 1060 736 1112 provinciis,
779 1077 817 1101 υ.
856 1077 891 1100 c.
928 1061 1041 1100 intel·
1075 1058 1411 1114 iwczragnanum
1440 1066 1479 1098 et
1508 1057 1703 1107 Cassiam,

200 1113 259 1151 ad
282 1112 551 1168 Solet-opolin
571 1131 698 1169 prov.
727 1115 949 1157 Balu'ensis
964 1148 976 1168 7
1017 1116 1058 1155 in
1082 1116 1198 1155 arvis
1219 1130 1343 1169 prov.
1369 1113 1598 1154 Par-nensis
1624 1122 1703 1154 etc.

200 1167 394 1219 (Mart.,
427 1169 496 1209 Sir
519 1171 686 1223 George
712 1170 941 1213 Staunton.
971 1197 1026 1204 —-
1062 1172 1155 1211 Vidi
1183 1172 1226 1211 ἱη
1252 1170 1383 1211 Herb.
1414 1169 1621 1220 Monac.)
1650 1195 1706 1204 —-

199 1232 238 1268 β.
278 1225 372 1265 Vidi
392 1226 434 1265 in
461 1226 592 1267 Herb.
622 1227 732 1282 Reg.
757 1227 931 1279 Berol.,
963 1243 990 1267 a
1015 1227 1066 1267 cl.
1090 1226 1279 1268 Sellovlo
1303 1227 1360 1266 ad
1384 1225 1563 1266 Illonte-
1575 1227 1703 1266 Video

202 1280 357 1338 lectam
383 1282 511 1337 inque
533 1284 789 1337 graminosis
818 1286 874 1324 ad
900 1283 1168 1339 Soteropolin
1190 1298 1316 1338 prov.
1351 1281 1579 1323 Balliensis
1600 1282 1704 1338 legit

201 1336 413 1377 Martius.
483 1338 628 1379 Floret
654 1340 708 1380 ab
730 1341 877 1394 Aprili
902 1341 943 1380 in
973 1340 1253 1380 Nouembrem
1278 1354 1426 1394 usqne.
1469 1343 1534 1391 Θ.

313 1408 434 1449 Folia
458 1411 502 1450 in
525 1412 730 1452 varietate
766 1428 804 1451 a.
839 1413 966 1453 modo
1001 1420 1091 1452 tota
1123 1412 1291 1465 glabra,
1333 1410 1461 1452 modo
1497 1410 1589 1464 pilo
1621 1424 1706 1450 uno

201 1465 392 1507 alterove
434 1481 571 1520 prope
613 1468 734 1507 basin
769 1469 983 1522 inspersa,
1037 1468 1164 1508 modo
1197 1476 1287 1507 tota
1322 1466 1434 1506 facie
1480 1466 1706 1520 superiore

201 1521 378 1568 villosa,
413 1531 498 1561 tum
522 1537 624 1564 vero
650 1524 762 1564 circa
794 1525 949 1564 collum
975 1523 1244 1565 vinosissima
1280 1523 1543 1577 vaginaeque
1578 1522 1706 1562 etiam

200 1577 393 1631 margine
419 1578 550 1618 dense
578 1580 755 1620 lanatae.
786 1602 839 1609 -—-
869 1582 969 1623 Var.
995 1586 1033 1623 β.
1063 1579 1212 1620 differt
1236 1594 1258 1619 a
1279 1579 1481 1619 varietate
1507 1594 1544 1617 a.
1563 1579 1706 1631 spicu-

200 1633 257 1674 lis
281 1634 408 1687 duplo
431 1649 559 1689 saepe
579 1636 811 1676 minoribus
831 1650 841 1685 ;
883 1636 1030 1677 colore
1056 1636 1101 1674 in
1122 1636 1341 1690 plerisque
1367 1635 1541 1689 glauco,
1584 1636 1708 1689 (qua-

201 1689 256 1729 lis
277 1698 419 1729 tamen
443 1701 486 1731 et
507 1693 550 1731 in
573 1692 804 1743 majoribus
825 1693 911 1732 illis
936 1692 1046 1732 haud
1069 1707 1166 1732 raro
1190 1691 1402 1739 occurrit,
1437 1698 1479 1729 et
1502 1690 1544 1729 in
1567 1704 1709 1730 exem-

203 1745 288 1798 plis
314 1761 335 1785 a
364 1747 519 1787 Martio
543 1750 594 1789 ad
621 1749 897 1802 Soteropolin
923 1749 1045 1788 lectis
1075 1748 1392 1800 desideratur),
1424 1745 1611 1803 denique
1638 1759 1707 1787 va-

203 1801 398 1855 ginarum
424 1817 500 1843 ore
528 1805 649 1846 valde
673 1804 889 1861 longeque
916 1804 1109 1846 barbato.

707 1925 825 1960 LVII.
879 1922 1226 1959 MICROCHLOA.

316 2010 374 2051 R.
400 2009 566 2052 Brown
592 2011 748 2053 Prodr.
778 2010 843 2051 Fl.
871 2011 981 2051 Νου.
1013 2009 1130 2050 Holl.
1159 2008 1195 2049 I.
1213 2025 1257 2063 ρ.
1281 2010 1376 2050 208.
1407 2006 1528 2049 Trin.
1565 2006 1710 2049 Fumi.

373 2068 638 2122 Agrostogr.
669 2085 714 2124 ρ.
757 2084 843 2122 ι7ε).
875 2066 1010 2110 Palis.
1038 2067 1090 2106 de
1124 2064 1292 2106 Βεαιῑυ.
1330 2066 1511 2119 Agrost.
1538 2079 1583 2119 ρ.
1621 2066 1711 2106 ιι5.

375 2123 558 2220 Μᾶξῗζ.
592 2127 638 2179 j.
675 2127 715 2166 8.
757 2124 813 2164 H.
844 2131 884 2163 et
923 2122 976 2163 H.
1039 2121 1155 2162 Poir.
1205 2121 1260 2162 R.
1298 2129 1339 2161 et
1376 2122 1475 2164 Sclz.
1508 2123 1551 2164 S.
1598 2124 1640 2162 V.
1672 2127 1712 2159 et

319 2251 592 2292 Rottboellae
623 2266 712 2305 sp.‚
744 2249 885 2289 Roxb.

325 2322 457 2361 Nardi
489 2337 578 2375 sp.‚
610 2319 739 2372 Lim,
771 2319 881 2360 Jnss.
908 2327 946 2359 et
971 2319 1031 2361 al.

326 2392 588 2445 Cynodontis
618 2392 716 2446 sp.‘?
749 2390 944 2446 Raspail.

348 2478 549 2542 Spicula
579 2480 801 2526 unissora.
872 2478 1074 2525 Glumae
1098 2476 1244 2532 duae,
1279 2477 1561 2531 uninerves,
1598 2475 1710 2521 suh·

219 2547 504 2606 oppositae,
576 2545 829 2608 aequales,
902 2543 1106 2590 flosculo
1169 2542 1426 2597 fortiores,
1490 2541 1715 2587 muticae.

220 2609 474 2655 Floseulus
522 2611 748 2665 bivalvis,
801 2610 1037 2664 mutiens,
1088 2608 1371 2653 tenuissime
1414 2606 1714 2652 membrana-

223 2690 368 2732 ceus,
421 2675 560 2739 apice
597 2674 1100 2728 ciliato-fimbriatus,
1137 2673 1309 2735 glumis
1344 2672 1553 2719 brevior.
1623 2673 1718 2715 Lo-

225 2739 415 2787 diculae
455 2742 781 2796 lanceolatae,
833 2740 1252 2793 membranaceae,
1307 2737 1523 2782 obtusae.
1610 2735 1718 2780 Sta-

223 2804 354 2851 mina
403 2807 500 2853 duo
556 2807 631 2853 vel
673 2807 781 2852 tria.
859 2807 1070 2851 Germen
1114 2803 1385 2867 pubescens
1400 2820 1415 2861 5
1465 2801 1577 2865 styli
1624 2800 1719 2845 duo

226 2868 466 2935 elongati3
504 2872 726 2935 stigmata
762 2871 949 2918 villosa.
1020 2869 1281 2933 Caryopsis
1311 2867 1479 2913 libera.
