1788 3183
184 198 268 240 476
660 196 941 237 Gnmnmmm.
1002 199 1212 237 Tmolus.

314 316 683 363 lnllorcscentia
716 318 988 379 paniculata
1011 351 1023 372 ,
1081 317 1399 380 sulisiniplex,
1445 318 1519 363 vcl
1557 335 1688 364 com-

183 381 609 446 posito-spicata,
649 383 849 446 spiculis
877 383 1348 428 subiinilatcralibus.

595 526 930 558 1.'rn11›·1·:Ns
977 529 1214 559 vnn-JNS.
1253 520 1276 560 †

297 620 371 655 Tr.
397 618 540 669 spicae
578 620 844 671 compositae
871 620 998 658 ramis
1028 620 1215 665 strictis,
1261 619 1437 671 spiculis
1474 619 1686 658 teretibus

187 673 400 726 adprcssis
423 674 621 721 alternis,
656 676 796 714 culmo
833 690 1080 730 compresso
1122 676 1407 715 adscendente
1437 677 1688 730 vaginisque

182 730 368 784 glabris,
402 730 519 770 foliis
558 733 690 783 planis
727 732 901 771 scabris.

296 802 431 839 Radix
456 802 727 851 fasciculam,
768 803 889 842 {ibris
921 804 1216 844 crassiusculis
1251 804 1416 856 pallidis
1452 803 1685 842 librillosis.

187 856 327 895 Culmi
353 858 498 910 plures
535 874 585 897 cx
617 875 696 897 una
728 860 895 909 radice,
945 861 1154 913 palmares
1182 870 1223 900 et
1251 860 1444 914 pedales,
1491 873 1687 912 procum·

185 912 364 960 bentes,
406 914 693 954 adscendente
735 917 801 955 vel
848 916 1087 966 subeiecti,
1132 917 1393 969 compressi,
1430 916 1589 962 laeves,
1624 916 1687 954 bi-

186 968 403 1015 trinodes,
435 970 483 1008 ad
512 971 647 1010 nodos
669 972 838 1026 gibbosi
863 982 905 1011 et
933 972 1058 1018 flexi,
1104 973 1401 1012 ramosiusculi
1425 1001 1434 1019 ,
1476 972 1566 1010 basi
1597 973 1687 1011 bul-

182 1023 280 1064 bosi
308 1035 351 1064 et
374 1027 536 1080 vaginis
571 1027 674 1067 laxis
702 1028 873 1080 pallidis
911 1029 1246 1069 membranaceis
1284 1029 1449 1078 vestiti,
1481 1028 1529 1067 ad
1564 1027 1686 1067 inllo-

180 1082 439 1121 resccntiam
480 1097 614 1136 usque
657 1085 856 1137 vaginati.
933 1086 1119 1139 Vaginae
1159 1099 1452 1138 compressae,
1500 1085 1685 1134 striatae,

180 1136 379 1189 glabrae,
413 1139 529 1178 laxae
563 1149 605 1178 et
638 1140 687 1179 ad
720 1155 858 1180 ramos
887 1141 1081 1190 hiantes,
1124 1142 1237 1182 collo
1273 1143 1409 1181 nudae
1443 1142 1685 1195 maculaque

180 1192 432 1248 ferruginea
469 1205 651 1236 notatae.
724 1197 873 1250 Ligula
910 1212 1080 1252 magna,
1138 1208 1325 1245 exserta,
1370 1207 1540 1244 tenera,
1588 1211 1684 1236 can·

178 1247 304 1298 dida,
345 1261 463 1290 acuta
503 1261 545 1290 et
589 1266 717 1305 saepe
757 1254 910 1292 lacera.
993 1255 1115 1294 Folia
1151 1255 1280 1302 3-4
1322 1253 1502 1306 pollices
1544 1253 1684 1303 longa,

184 1319 201 1343 ι
221 1318 308 1344 —2
338 1305 470 1346 lineas
494 1307 600 1354 lata,
635 1311 849 1362 patentia,
893 1311 1352 1356 lineari-acuminata,
1394 1310 1540 1363 plana,
1585 1308 1685 1348 flac-

177 1360 298 1408 cida,
331 1363 697 1418 quinquenervia,
731 1365 840 1405 laete
871 1367 1047 1413 viridia,
1094 1368 1295 1421 utrinque
1319 1376 1361 1405 et
1380 1366 1571 1419 margine
1594 1379 1683 1403 sca-

176 1415 272 1456 bra.
333 1419 460 1471 Spica
481 1421 717 1460 terminalis
743 1423 1007 1476 composita,
1038 1425 1164 1474 5—-7
1197 1423 1377 1475 pollices
1405 1423 1553 1473 longa,
1586 1436 1681 1460 eve-

175 1481 258 1521 cta,
289 1475 450 1520 stricta,
486 1478 618 1530 magis
645 1477 838 1518 minusve
866 1489 1098 1526 contracta,
1131 1481 1232 1534 quin
1259 1480 1301 1517 in
1326 1478 1537 1517 nonnullis
1568 1478 1681 1516 (liva-

173 1529 333 1577 ricata,
365 1531 455 1570 basi
482 1534 630 1587 vagina
654 1534 857 1574 involuta.
896 1535 1082 1574 Rhachis
1105 1535 1494 1587 sulcato-angulata,
1522 1534 1679 1572 scabra.

172 1585 297 1624 Rami
316 1586 551 1641 simpliceS,
588 1586 745 1644 132--23
764 1590 944 1643 pollices
970 1591 1102 1645 longi,
1134 1591 1383 1643 subvirgati,
1416 1590 1505 1630 basi
1523 1589 1681 1629 imber-

171 1640 264 1688 bes,
288 1646 734 1699 compresso-trigoni,
757 1647 991 1700 simplices,
1015 1647 1179 1687 scabri:
1213 1647 1446 1686 inferiores
1472 1647 1595 1700 paulo
1616 1661 1680 1685 re-

171 1698 396 1747 motiores,
430 1701 621 1754 oppositi
644 1703 832 1743 rariusve
848 1703 986 1753 terni3
1017 1704 1263 1756 superiores
1278 1703 1445 1742 alterni.
1480 1703 1679 1756 Spiculae

171 1760 200 1801 4
221 1753 357 1794 lineas
375 1757 541 1810 longae,
574 1772 654 1798 nec
670 1758 826 1798 lineam
843 1760 1016 1813 quidem
1035 1761 1158 1805 latae,
1185 1759 1450 1804 subsessiles,
1478 1761 1678 1808 alternae,

170 1809 320 1849 rhachi
347 1812 595 1866 adpressae:
627 1817 876 1868 superiores
895 1816 1144 1854 imbricatae
1162 1826 1203 1855 et
1219 1815 1431 1855 interdum
1451 1815 1680 1854 subsecun-

177 1866 281 1914 dae,
324 1869 649 1917 teretiusculae,
693 1872 904 1918 lineares,
946 1872 1134 1919 virides,
1178 1869 1498 1911 6-—8-llorae.
1577 1871 1680 1910 Glu-

175 1935 271 1962 mae
296 1923 566 1979 inaequales,
599 1927 760 1978 spicula
789 1927 920 1966 multo
941 1928 1188 1976 breviores,
1222 1926 1680 1977 membranaceo-hya-

175 1978 313 2025 linae,
346 1982 581 2029 carinatae,
615 1984 760 2022 carina
795 1984 993 2030 scabrae,
1037 1985 1292 2023 uninerves:
1334 1983 1519 2022 inferior
1550 1983 1680 2035 duplo

176 2033 273 2074 fere
301 2037 501 2085 brevior,
533 2038 769 2079 lanceolato
787 2067 801 2072 -
819 2041 1081 2089 acuminata3
1112 2040 1310 2092 superior
1340 2039 1681 2078 ovato-lanceo-

177 2089 284 2138 lata,
329 2094 564 2132 acuminata
595 2108 816 2149 nervoque
857 2106 1112 2135 excurrente
1151 2096 1393 2148 setuligera.
1453 2095 1552 2134 Axis
1583 2109 1683 2146 per·

174 2147 345 2195 tenuis,
377 2148 538 2201 glaber.
599 2152 789 2190 Flosculi
818 2151 1058 2191 imbricati:
1091 2151 1253 2192 valvula
1279 2151 1463 2190 inferior
1498 2151 1679 2203 oblonga

178 2216 392 2252 convexa,
440 2205 630 2257 margine
668 2208 1012 2255 membranacea,
1057 2216 1182 2260 tergo
1214 2207 1429 2246 herbaceo
1463 2207 1601 2245 mollis
1631 2220 1680 2245 ac

177 2258 347 2306 virens,
380 2261 502 2314 apice
531 2260 681 2310 bifida,
713 2264 938 2312 trinerviS,
970 2263 1115 2302 nervis
1143 2265 1185 2302 in
1222 2265 1381 2302 setulas
1415 2263 1680 2302 excurrenti-

175 2314 283 2363 bus,
314 2316 414 2356 hinc
438 2317 549 2356 inter
574 2319 724 2359 dentes
749 2319 884 2373 apicis
909 2329 951 2359 et
990 2318 1042 2358 ad
1073 2319 1180 2358 latus
1200 2329 1426 2372 utrumque
1458 2319 1593 2358 setula
1620 2319 1679 2357 ri-

176 2371 275 2424 gida
299 2373 517 2425 praedita,
550 2388 734 2428 superne
759 2376 928 2423 scabra,
975 2375 1066 2415 basi
1100 2377 1151 2415 ad
1180 2390 1354 2422 nervos,
1402 2376 1596 2428 inprimis
1623 2375 1681 2413 la-

175 2427 357 2476 terales,
389 2439 626 2483 argenteo-
644 2432 837 2482 sericea3
881 2431 1016 2471 setula
1043 2432 1275 2471 terminalis
1299 2431 1461 2471 valvula
1485 2431 1680 2482 sextuplo

173 2483 372 2533 brevior,
406 2486 601 2526 laterales
631 2487 816 2527 minutae
838 2497 935 2526 sunt
968 2496 1010 2526 et
1041 2488 1436 2537 denticulis01=me53
1480 2488 1679 2540 superior

173 2541 337 2580 valvula
374 2541 583 2581 inferiore
615 2543 739 2595 paulo
770 2544 966 2590 brevior,
998 2544 1258 2591 lanceolata,
1294 2552 1439 2589 recta,
1472 2543 1681 2582 membra-

175 2610 327 2646 nacea,
383 2598 571 2637 binervis
612 2600 730 2653 apice
761 2600 1005 2646 bidentula,
1038 2600 1245 2640 lateribus
1286 2608 1464 2653 anguste
1509 2598 1680 2645 inflexa,

182 2652 235 2692 ad
255 2651 440 2694 flexurae
466 2655 642 2707 angulos
674 2655 911 2695 subciliata.
982 2656 1216 2696 Lodiculae
1255 2656 1467 2701 minutae,
1508 2655 1683 2693 lineari-

179 2709 446 2757 obconicae,
486 2719 744 2761 truncatae,
772 2712 1047 2757 tenerrimae,
1108 2712 1292 2752 Stamina
1325 2711 1495 2759 brevia3
1539 2710 1683 2749 anthe-

180 2779 254 2805 rae
285 2776 459 2813 ovatae,
500 2767 702 2821 utrinque
739 2767 917 2816 bifidae,
960 2768 1152 2822 pallidae.
1214 2770 1399 2808 Germen
1429 2766 1681 2819 ellipticum,

181 2834 497 2874 compressum,
560 2824 1172 2879 emarginato-bidentatum,
1240 2838 1325 2865 non
1387 2823 1589 2864 sulcatum
1607 2821 1681 2872 (7).

180 2878 387 2931 Stigmata
419 2879 526 2919 alba.
