1788 3183
568 162 847 213 camma.
905 170 1120 210 PAmcmt.
1514 162 1598 209 235

101 304 366 342 transversa,
397 292 643 340 crenulata,
688 291 812 331 nuda.
868 290 1000 330 Pauci
1024 290 1144 330 ‘rami
1185 304 1209 330 e
1249 297 1439 348 caespite
1475 300 1603 342 simul

100 350 314 396 floriferi,
357 349 542 404 vaginis,
589 347 808 401 paniculas
840 346 1114 396 foventibus,
1164 347 1248 389 isto
1279 360 1477 407 tempore
1505 359 1605 399 sub-

103 405 374 447 ventricosis.
431 405 637 445 Panicula
665 405 792 456 longe
824 411 1021 450 exserta,
1064 404 1266 458 pollicem
1296 408 1448 463 longa,
1483 414 1606 468 ellip-

104 463 214 509 tica,
245 462 418 508 obtusa,
449 470 617 508 erecta,
650 460 788 499 culmo
821 458 897 499 sub
935 461 1131 512 panicula
1158 463 1398 514 gracillimo
1435 468 1608 511 rhachi-

105 533 188 574 que
214 518 540 569 subcompressa
568 516 784 569 ramisque
819 514 1023 555 flexuosis
1060 517 1266 557 laevihus.
1334 524 1458 563 Rami
1484 528 1608 579 pani-

106 574 226 614 culae
247 573 423 621 aherni,
456 573 618 625 patuli,
651 572 818 625 glabri,
851 571 1098 623 capillares,
1129 573 1424 628 3—8·fl01·i‚
1470 584 1609 635 spatio

103 630 226 670 brevi
255 644 278 668 a
317 628 409 668 basi
445 628 652 668 abeuntes
686 628 729 666 in
761 627 947 666 ramulos
985 630 1163 677 breves,
1207 645 1387 685 quorum
1423 637 1611 680 inferior

106 687 219 732 tri·,
251 685 469 737 proximus
500 683 677 730 bifidus,
710 692 798 722 tum
826 683 958 738 aliqui
984 684 1183 731 unissori,
1216 689 1259 726 in
1275 692 1403 730 ramis
1426 693 1609 736 inferio-

104 741 222 781 ribus
248 741 497 780 fasciculum
531 740 759 787 exhibent;
798 753 1011 779 ramorum
1040 742 1308 794 superiorum
1337 751 1488 789 ramuli
1513 763 1611 793 sunt

108 795 296 837 uniflori.
358 797 556 850 Spiculae
584 804 758 842 ovatae,
797 795 867 835 vel
900 796 1130 846 obovatae,
1174 799 1375 849 obtusae,
1420 805 1609 859 glabrae,

106 852 401 894 flavescentes.
461 853 613 893 Gluma
652 851 834 891 inferior
869 853 1093 904 superiore
1128 854 1197 893 vix
1236 858 1416 900 dimidio
1454 863 1610 914 minor,

106 918 251 956 ovata,
292 917 433 954 acuta,
480 909 712 957 trinervi53
765 908 966 960 superior
1003 908 1206 959 obovata,
1264 925 1406 964 acuta,
1452 918 1593 961 inflata

108 965 472 1019 quinquenervis,
504 964 672 1004 flosculi
694 964 870 1003 masculi
902 963 1187 1016 longitudine.
1254 971 1483 1014 Flosculus
1505 952 1614 1017 mas:

108 1021 228 1061 culus
249 1020 452 1069 bivalvis,
485 1021 647 1060 vali-ula
675 1020 876 1060 inferiori
905 1021 1197 1074 magnitudine
1223 1034 1266 1064 et
1286 1026 1423 1068 forma
1448 1031 1614 1084 glumae

108 1077 373 1130 superioriS,
418 1077 540 1129 apice
570 1077 777 1115 fornicata
817 1077 965 1116 obtusa
999 1079 1342 1134 quinquenervi3
1398 1089 1616 1139 superiori

109 1144 229 1174 ovata
256 1133 380 1185 plana
409 1133 532 1187 apice
556 1132 699 1171 bifida.
759 1132 975 1172 Antherae
994 1135 1146 1174 fulvae.
1208 1139 1431 1179 Flosculus
1447 1143 1617 1185 herma-

109 1189 359 1242 phroditus,
392 1199 438 1228 ut
463 1189 506 1227 in
533 1189 737 1243 reliquis,
771 1188 1018 1229 chartaceus
1040 1220 1050 1238 ,
1090 1190 1362 1247 longitudine
1390 1197 1483 1237 fere
1506 1215 1616 1241 mas·

108 1245 216 1292 culi,
247 1245 393 1293 laevis,
425 1246 623 1296 pallidus,
653 1245 843 1295 obtusus,
874 1246 1036 1287 valvula
1049 1256 1227 1304 utraque
1247 1262 1380 1292 ovata.
1425 1256 1616 1298 Germen

108 1300 354 1355 oblongum.
414 1302 618 1355 Stigmata
642 1301 812 1354 pallida.

221 1370 403 1411 Habitat
428 1372 470 1411 in
496 1370 706 1411 Brasilia.
744 1370 938 1422 (Sellow.
971 1398 1025 1405 —
1055 1371 1187 1414 Herb.
1220 1374 1332 1431 Reg.
1360 1377 1533 1435 Berol.)

221 1443 456 1484 Observ.
524 1446 755 1482 Ramorum
792 1443 1044 1484 densissime
1084 1446 1338 1500 stipatorum
1373 1451 1511 1493 forma
1552 1455 1620 1496 fo-

109 1498 266 1554 liisque
319 1500 460 1552 parvis
505 1499 712 1538 subulatis
763 1499 948 1553 glabris,
1002 1503 1199 1553 panicula
1243 1519 1371 1557 parva
1433 1521 1598 1551 exserta

112 1555 268 1609 glumis
294 1555 452 1609 glabris
472 1555 522 1595 ab
556 1557 635 1603 iis,
671 1569 778 1610 quae
803 1557 1024 1608 proximae
1053 1568 1150 1598 sunt
1175 1563 1369 1614 species,
1395 1561 1530 1607 'facile
1555 1543 1620 1608 ‹li-⁹-

109 1612 351 1666 stinguitur.

220 1683 426 1778 Adldirgius
443 1682 648 1736 speciem,
677 1696 784 1737 quae
805 1683 978 1734 seriem,
1011 1699 1031 1723 a
1052 1686 1212 1728 Panico
1236 1689 1396 1731 tenello
1419 1691 1620 1735 inchoan-

108 1749 216 1788 tem,
249 1753 270 1779 c
291 1755 341 1778 au
374 1748 430 1778 it:

225 1810 482 1849 Panicum
510 1809 794 1849 aciculare
824 1810 1060 1851 Poiret.:
1092 1814 1319 1854 racemulis
1346 1819 1622 1867 3—4-fl01·is

117 1866 386 1920 simplicibus
438 1865 635 1905 secundis
678 1865 797 1905 foliis
843 1866 1143 1915 brevioribus,
1193 1872 1369 1923 spiculis
1419 1875 1623 1918 obovato·

119 1922 396 1963 subrutundis
431 1920 597 1961 obtusis
632 1921 988 1975 pubescentibus,
1045 1925 1184 1977 gluma
1223 1927 1434 1971 inferiore
1479 1945 1624 1974 ovato·

114 1979 362 2033 triangulari
398 1977 528 2030 triplo
568 1977 797 2026 breviore,
852 1979 992 2018 culmo
1026 1979 1149 2020 brevi
1187 1982 1463 2035 dichotom0‚
1505 1988 1623 2029 foliis

115 2034 564 2077 convoluto-setaceis
586 2034 838 2089 vaginisque
867 2035 1215 2087 pubescentibus.

225 2107 433 2147 Panicum
464 2105 672 2145 aciculare
688 2134 697 2150 ,
731 2102 877 2143 Poiret
906 2104 1019 2146 Enc.
1043 2107 1169 2148 mellz.
1196 2110 1336 2165 suppl.
1355 2110 1437 2154 IV.
1459 2129 1503 2168 p.
1528 2124 1622 2166 stell.

285 2160 342 2202 R.
376 2169 417 2201 et
453 2159 548 2200 Sele.
591 2158 631 2199 S.
680 2160 726 2199 V.
765 2158 823 2199 Il.
863 2175 903 2223 n..
948 2164 1044 2204 2383.
1076 2163 1171 2219 Spr.
1205 2164 1249 2208 S.
1291 2168 1337 2207 V.
1376 2167 1413 2208 I.
1445 2185 1488 2223 ρ.
1525 2173 1622 2214 308.

279 2233 323 2257 η.
348 2231 387 2273 9.
417 2215 549 2257 Herb.
576 2215 728 2256 llTlld.
753 2224 794 2256 et
821 2215 940 2258 Trm.

226 2290 432 2330 Panicum
485 2288 797 2329 subunissorum
839 2286 1000 2341 Bosa,
1054 2292 1149 2345 Spr.
1182 2289 1224 2332 S.
1273 2293 1321 2334 V.
1364 2293 1402 2335 I.
1441 2311 1487 2349 p.
1529 2297 1624 2339 312.

280 2361 323 2385 η.
352 2348 418 2398 67.
451 2343 602 2400 (Herb.
633 2343 808 2394 J‘Villd.)

229 2414 413 2456 Habitat
436 2417 478 2456 in
512 2416 639 2455 India
668 2415 884 2456 orientali.
929 2421 995 2468 η..

227 2489 306 2530 Ob
323 2502 459 2529 serv.
518 2490 609 2527 Hac
636 2489 782 2541 specie
806 2488 947 2528 media
973 2490 1108 2529 sectio
1130 2490 1211 2530 ista
1234 2491 1278 2530 in
1306 2492 1431 2532 aliam
1455 2509 1629 2548 parvam

122 2546 360 2587 sectionem
381 2544 554 2590 transit,
587 2544 726 2584 culmo
754 2558 884 2596 parvo
907 2555 1115 2598 repente,
1148 2548 1275 2586 ramis
1303 2549 1507 2591 brevibus
1536 2567 1630 2594 ere-

122 2603 204 2642 ctis
221 2631 231 2651 ,
264 2602 402 2650 spicas
429 2614 578 2654 parvas
606 2613 627 2639 2
647 2599 909 2648 -4-ssoras
938 2602 1184 2642 terminales
1212 2618 1298 2643 non
1322 2617 1510 2646 exsertas
1527 2624 1630 2663 pro-

120 2658 388 2705 ferentibus,
421 2657 656 2711 insignem:
689 2656 877 2696 Africam
895 2658 1085 2698 incolunt
1101 2659 1223 2712 hujus
1238 2661 1377 2703 cives.
1411 2677 1513 2716 quas
1541 2679 1632 2706 om-

124 2729 226 2763 nes,
268 2729 290 2753 a
320 2717 503 2765 Boryo
544 2721 586 2752 et
627 2713 869 2753 Auberto
918 2714 1059 2763 datas,
1101 2715 1145 2754 in
1184 2716 1318 2755 Herb.
1350 2719 1626 2763 Willden.

114 2771 312 2811 vidimus.

234 2840 362 2900 Quod
397 2841 447 2880 ad
472 2850 661 2880 nostram
695 2841 882 2892 speciem
910 2841 1088 2889 attinet,
1129 2841 1234 2881 haec
1262 2843 1406 2895 potius
1435 2857 1497 2886 est
1523 2846 1631 2902 {igu-

123 2911 196 2938 ηε
228 2897 420 2936 Panici
453 2896 767 2946 nodiflori,
801 2897 875 2937 sed
899 2898 966 2939 vix
998 2897 1210 2949 digitalis:
1241 2899 1454 2953 Vaginae,
1487 2917 1629 2945 ramos
