1788 3183
519 164 802 204 Gnamsssaz.
861 164 1164 204 Pessima-tm.
1512 165 1598 209 281ἶ

203 282 442 325 observ.
520 283 709 322 Tametsi
759 283 1019 323 simillimum
1075 281 1270 322 videatur
1325 282 1407 322 hoc
1464 292 1598 337 genus

93 337 486 394 Gymnotriehi
526 339 675 390 generi
711 339 835 377 modo
869 338 1111 391 descripto,
1157 338 1257 376 satis
1298 347 1437 377 tamen
1472 340 1600 379 distat

88 406 262 450 praeter
286 395 552 434 involucrum
584 394 842 446 spicularum
865 403 1051 440 textura,
1084 395 1128 432 in
1159 394 1308 447 glumis
1334 393 1599 448 ssosculoque

89 451 297 492 inferiore
325 450 521 504 pertenui
551 458 592 488 et
617 449 727 489 sicca
744 480 752 496 ‚
785 451 828 489 in
855 450 1204 503 hermaphrodito
1233 459 1379 489 contra
1404 448 1598 490 firmiore

90 516 133 546 et
167 507 379 560 denique,
428 504 779 558 quemadmodum
815 507 859 544 in
899 507 1059 546 Panico
1096 516 1206 552 cet.,
1251 505 1468 554 indurata,
1510 515 1598 546 tum

90 563 212 615 apice
240 564 469 615 glumarum
493 560 627 599 inciso
646 590 655 607 ,
689 563 945 615 valvularum
967 562 1306 614 hermaphroditi
1328 571 1465 601 autem
1481 571 1599 600 trun·

92 627 186 658 cato
236 627 277 657 et
311 618 453 657 ciliato
484 630 622 669 neque
657 623 897 665 attenuato,
938 617 1135 657 lodiculis
1178 618 1397 666 carnosis,
1451 618 1599 657 ovario

89 683 306 719 truncato,
348 671 613 726 stigmatibus
642 673 812 726 pallidis
849 679 976 728 (quae
1008 680 1224 727 purpurea
1255 684 1351 715 sunt
1390 674 1435 713 in
1470 675 1597 728 Gym-

90 729 324 778 notriche.)
1041 736 1060 754 ³
1510 754 1512 757 »

203 801 250 838 In
282 799 382 838 duas
411 800 625 839 sectiones
649 799 803 838 abeunt
833 799 957 853 liujus
997 799 1168 852 generis
1204 801 1398 853 species,
1447 799 1499 839 ad
1527 813 1599 840 ex-

91 865 255 895 ternam
301 854 476 908 figuram
520 856 698 894 maxime
737 865 1045 908 congruentes3
1088 855 1162 893 sed
1199 856 1454 908 spicularum
1490 866 1600 895 stru-

93 921 212 952 ctura
234 911 311 950 alia
333 913 376 950 in
398 912 519 950 aliam
547 920 709 964 partem
734 911 1020 964 divergentes.
1080 911 1223 950 Prima
1248 912 1291 950 in
1319 913 1508 952 sectione
1535 912 1600 950 in-

94 967 315 1007 volucrum
346 965 574 1006 unissorum
611 976 697 1017 est,
744 967 861 1019 calyx
900 967 1119 1020 biglumis‚
1173 965 1374 1007 flosculus
1414 968 1600 1008 inferior

49 1021 54 1027 “
95 1024 305 1063 masculus
343 1023 552 1062 bivalvis:
592 1022 666 1061 has
712 1023 852 1076 itaque
890 1023 1094 1062 Panica
1135 1023 1396 1062 Setarias
1444 1024 1600 1063 imitari

93 1079 207 1118 inter
248 1079 429 1118 Cench
443 1078 642 1117 roidca
673 1080 770 1127 (seu
802 1092 904 1118 vere
945 1079 1228 1126 involucrata)
1274 1079 1482 1119 existimo.
1552 1081 1601 1119 In

94 1134 278 1174 secunda
295 1134 519 1174 deficiente
548 1135 685 1186 gluma
709 1134 919 1173 inferiore
943 1135 1170 1188 uniglumis
1195 1135 1339 1188 prodit
1359 1135 1496 1188 calyx,
1529 1135 1599 1176 cui

93 1191 288 1243 opposita
314 1191 474 1229 valvula
493 1190 678 1228 inferior
705 1191 925 1230 inferioris
948 1190 1137 1237 flosculi,
1182 1191 1449 1244 superiorem
1484 1206 1599 1232 suam

93 1247 299 1286 valvulam
326 1259 504 1299 cunique
530 1246 675 1284 eadem
704 1256 742 1285 et
773 1248 970 1299 genitalia
996 1247 1175 1286 mascula
1210 1247 1468 1298 ainittentisg
1499 1246 1599 1287 flos·

94 1303 212 1342 culus
256 1303 454 1354 superior
495 1303 701 1342 masculus
742 1303 933 1356 persistit
972 1304 1041 1342 vel
1079 1303 1476 1356 hermaphroditus:
1521 1304 1601 1343 hae

94 1357 236 1413 itaque
262 1359 414 1397 merito
438 1358 670 1411 Paspalo
686 1373 798 1397 rum
815 1360 912 1399 loco
940 1359 1053 1398 inter
1071 1359 1362 1399 Cenchroidea
1377 1359 1602 1400 habentur.

204 1429 379 1481 Species
404 1429 658 1468 brasilianae
681 1429 723 1469 3.

203 1508 477 1555 Synopsis:
502 1514 542 1538 a,
574 1504 678 1553 malj-x
713 1508 919 1554 biglumis:
947 1517 990 1555 sp
1033 1514 1065 1546 1.

493 1561 529 1598 β·
553 1565 660 1608 calyx
682 1565 912 1611 uniglumis;
944 1564 1126 1599 flosculus
1157 1564 1325 1600 inferior
1348 1572 1493 1601 neuter
1515 1566 1597 1602 uni-

549 1610 692 1644 valxis:
718 1623 775 1656 sp.
803 1614 917 1647 2—5.

439 1701 477 1724 a.
519 1686 687 1739 Calyx
736 1685 1021 1739 biglumis.
1063 1685 1152 1739 (sp.
1193 1684 1250 1733 ι.)

453 1811 484 1842 1.
525 1816 918 1844 PENNISETUM
963 1816 1172 1844 BREVE.
1212 1810 1235 1852 -ξ

204 1883 250 1920 Ρ.
282 1883 396 1936 spica
439 1883 626 1922 solitaria
667 1884 874 1936 oblonga,
920 1883 1099 1936 spiculis
1137 1885 1341 1925 solilariis
1375 1884 1599 1926 involucro

95 1938 221 1992 duplo
245 1940 538 1987 brevioribus,
570 1940 722 1994 glumis
754 1939 871 1979 valde
904 1939 1222 1993 inaequalibus,
1270 1942 1480 1980 inferiore
1512 1943 1601 1981 lan-

95 1996 280 2044 ceolata,
333 1993 512 2036 flosculo
558 1997 743 2036 masculo
788 1995 990 2049 higlumi,
1051 1995 1167 2035 foliis
1212 1998 1441 2037 linearibus
1488 1998 1601 2039 facie

90 2051 260 2105 pilosis,

204 2123 480 2162 Pennisetum
510 2131 720 2171 setosum‚
753 2121 898 2162 Raddi
931 2123 1115 2177 Agr-ost.
1141 2121 1272 2164 Bras.
1295 2139 1343 2179 p.
1368 2126 1435 2166 50.
1464 2124 1597 2176 (excl-

256 2185 433 2226 svnon.)

208 2249 349 2288 Radix
373 2248 552 2296 fibrosa,
593 2249 761 2302 pallida.
824 2249 960 2289 Culmi
993 2250 1085 2290 basi
1108 2251 1343 2291 subnodosi
1369 2261 1411 2291 et
1435 2252 1601 2306 vaginis

97 2305 302 2344 brevibus
327 2306 571 2344 lanceolatis
596 2305 726 2343 aridis
751 2305 929 2358 apbyllis
956 2307 1088 2346 laxius
1116 2308 1306 2356 obtecti,
1344 2311 1458 2361 1{—
1474 2322 1495 2347 2
1528 2322 1601 2362 pe-

98 2361 173 2400 des
201 2363 299 2407 alti,
330 2374 494 2414 pennae
524 2362 787 2400 columbinae
806 2363 1022 2413 crassitie,
1055 2364 1182 2402 tcrcti
1201 2390 1204 2392 —
1225 2365 1482 2417 compressi,
1516 2365 1603 2404 lae-

98 2431 192 2456 ves.
225 2418 382 2471 glabri,
414 2419 439 2457 5
524 2418 744 2456 b-nodes.
787 2418 837 2456 ad
859 2419 996 2458 nod.›s
1025 2417 1230 2467 flexuosi,
1271 2434 1454 2473 superne
1474 2421 1518 2459 in
1536 2435 1600 2461 ra-

98 2487 189 2511 mos
219 2474 359 2512 divisi.
429 2473 613 2526 Vaginae
650 2473 877 2513 inferiores
912 2474 1152 2514 internodia
1185 2486 1435 2530 aequantes,
1479 2490 1601 2530 supe-

97 2529 237 2569 riores
272 2529 422 2568 iisdem
456 2529 705 2574 breviores,
737 2544 1030 2584 compressae,
1064 2531 1256 2578 hiantes,
1290 2533 1485 2580 stri-atae,
1516 2533 1602 2586 gla-

68 2585 225 2624 -brae:
268 2586 482 2624 turionum
508 2585 755 2637 juvenilium
787 2588 974 2640 margine
1005 2587 1194 2637 eiliatacj.
1232 2590 1419 2628 culmeae
1448 2589 1601 2629 nudae.

98 2641 248 2694 Ligula
273 2651 457 2687 exserta,
490 2641 655 2687 brevis,
689 2650 903 2690 truncata,
942 2643 1279 2683 lacero-ciliata.
1340 2645 1461 2684 Folia
1489 2647 1602 2687 6—ss

98 2697 280 2750 pollices
303 2697 452 2750 longa,
486 2697 784 2750 sesquilineam
808 2699 908 2746 lata,
940 2699 1142 2745 linearia,
1174 2701 1466 2748 canaliculata,
1496 2701 1602 2742 cari-

100 2762 219 2801 nata,
253 2752 399 2792 subtus
423 2753 586 2807 glabra,
627 2753 670 2791 in
693 2753 804 2793 facie
834 2755 989 2794 sulcata
1022 2765 1063 2794 et
1086 2755 1185 2808 pilis
1211 2757 1435 2797 tuberculo
1467 2757 1600 2812 impo-

100 2808 192 2847 sitis
211 2809 428 2862 inspersa,
462 2809 513 2848 ad
546 2809 716 2862 ligulam
749 2809 1172 2864 barbulam-pilosa,
1213 2812 1421 2866 rigidula‚
1461 2827 1604 2869 neque

96 2876 202 2906 vero
238 2864 412 2913 stricta,
455 2865 645 2920 margine
677 2865 843 2907 scabra:
889 2868 1103 2909 turionum
1136 2868 1338 2911 breviora
1365 2879 1410 2911 et.
1430 2870 1602 2913 subhir-
