1788 3183
157 272 335 317 Viribus
365 272 457 326 ipsa
487 271 574 312 suis
593 299 604 319 ,
637 282 763 311 curae
793 270 855 309 nil
885 269 1030 323 indiga
1059 279 1240 313 nostrae.

260 344 356 383 Non
385 351 525 382 tamen
555 341 719 381 idcirco
748 340 915 381 resides
944 350 1110 381 cessate
1140 341 1311 390 coloni,

153 414 245 454 Nec
274 413 356 465 jam
387 426 462 453 vos
495 413 612 453 omni
641 411 893 466 perfunctos
923 411 1087 453 credite
1115 425 1245 452 cura:

153 487 261 526 Sunt
294 483 400 523 aliae
431 492 602 537 pestes,
635 491 732 522 sunt
761 483 889 522 multa
919 483 1102 522 cavenda
1134 482 1307 536 pericla.

150 554 375 596 Caelestes
406 554 497 594 irae
527 553 696 607 primo,
728 565 824 593 cum
855 554 1024 593 saevior
1054 561 1193 593 aeStus

150 624 355 673 Ferbuit,
387 633 457 664 aut
483 623 596 676 justo
629 624 851 663 descendit
880 624 1040 678 largius
1070 625 1221 664 imber.

149 697 337 750 Utraque
368 695 459 734 dira
490 695 603 734 lues:
636 695 770 734 multo
800 694 1014 734 funestior
1042 695 1139 744 illa,

148 766 286 825 Quam
314 764 413 805 tulit
441 765 694 805 immodicus
727 765 872 805 calor:
902 765 1002 804 huic
1033 780 1101 805 ars
1130 765 1245 805 nulla
1275 767 1405 807 mede.

145 835 272 876 Nulla
301 844 445 888 potest
475 837 611 876 solers
643 835 879 887 industria3
919 850 1014 875 narn
1043 849 1185 891 neque
1215 836 1379 883 sontes,

148 909 234 947 Aut
264 906 496 947 corrivatas
526 906 697 946 duxisse
728 906 945 946 canalibus
976 906 1110 946 undas

145 979 191 1017 ln
222 986 423 1031 promptu
453 977 610 1028 suerit,
650 991 754 1031 quas
784 977 853 1018 vix
884 975 1112 1017 suffeceris
1142 976 1269 1017 horto

146 1048 416 1103 Areolaeque
447 1047 600 1095 brevi,
631 1046 790 1087 modici
820 1061 945 1102 quam
975 1048 1091 1087 roris
1122 1059 1319 1101 egentem

148 1121 263 1160 Urna
293 1118 483 1158 trientali
515 1119 640 1172 plene
671 1117 889 1159 satiaverit
918 1118 1081 1158 haustu.

145 1191 306 1231 Verum
335 1188 569 1229 Brasilieos
598 1188 672 1227 uhi
702 1189 819 1228 Zona
849 1189 1062 1229 retorrida
1093 1203 1266 1243 campos

145 1261 319 1308 Findit‚
366 1268 409 1300 et
445 1259 488 1298 in
521 1268 691 1312 segetes
720 1259 951 1300 violentior
981 1260 1133 1301 incidit
1162 1259 1307 1306 ardor,

139 1333 236 1371 Non
266 1330 370 1369 mihi
402 1339 580 1384 septeno
612 1331 646 1370 si
677 1344 880 1384 rumpens
909 1331 1079 1385 gurgite
1108 1330 1229 1370 Nilus

139 1404 324 1442 Arentes
354 1401 523 1441 undarit
555 1415 706 1455 agrOS,
740 1410 889 1442 enecta
919 1410 1117 1456 resurget

138 1473 322 1522 Messis‚
354 1481 398 1513 et
428 1472 657 1526 elanguens
688 1482 814 1525 caput
843 1472 1122 1512 intermortua
1149 1471 1282 1513 tollet.

137 1543 350 1585 Difficilis
377 1543 589 1583 medicina
619 1542 728 1583 malo
761 1553 852 1591 est,
883 1558 952 1584 res
982 1544 1054 1583 illa
1083 1543 1206 1583 satuti
1285 1588 1289 1589 ⁷

137 1617 229 1656 Una
259 1615 363 1662 suit,
397 1615 610 1668 Superum
638 1623 764 1669 atque
796 1614 954 1654 offensi
984 1614 1180 1654 Numinis
1208 1614 1315 1653 iram

135 1689 350 1727 Exorasse
381 1686 466 1740 piis
499 1685 702 1725 lacrimis.
761 1685 844 1729 Vix
875 1685 1035 1725 certior
1064 1685 1206 1725 imber

137 1759 250 1798 Arva
281 1758 417 1811 riget,
458 1756 628 1797 madido
668 1770 792 1811 quam
831 1769 927 1795 cum
963 1756 1042 1795 tibi
1072 1755 1261 1810 perpluit
1291 1767 1366 1795 ore

136 1830 266 1869 Gutta
295 1828 521 1883 hequem,
553 1827 790 1882 crebraque
821 1840 996 1882 gemens
1025 1840 1155 1880 prece
1185 1826 1329 1866 nubila
1358 1824 1498 1879 rumpi

133 1901 239 1939 Nam
269 1900 386 1939 Deus
417 1898 606 1951 irriguos
637 1898 751 1952 potis
784 1908 848 1938 est
878 1899 930 1937 de
962 1911 1175 1938 marmore
1205 1896 1347 1937 sontes

134 1974 336 2019 Ducere,
368 1983 448 2023 pro
477 1969 602 2009 libito
631 1968 847 2009 nimbosas
878 1983 1035 2023 cogere
1066 1969 1224 2017 nubes,

132 2041 367 2095 Invitisque
397 2041 522 2079 astris
553 2039 719 2094 pluvias
748 2038 975 2079 demittere
1004 2039 1141 2080 coelo.

242 2110 402 2151 Bucula
433 2111 538 2166 quin
568 2111 695 2150 etiam
714 2139 724 2158 ‚
757 2119 800 2150 et
830 2111 867 2150 si
898 2110 1066 2165 quando
1097 2117 1284 2150 armenta
1314 2107 1514 2149 refractis

132 2181 319 2235 Sepibus
349 2181 614 2235 irrumpunt,
645 2191 846 2236 quantum
877 2182 956 2221 tibi
987 2181 1142 2234 stragis
1171 2180 1215 2219 in
1243 2179 1350 2220 hora

132 2253 385 2293 Ediderint!
416 2262 614 2306 quantum
643 2252 776 2291 lassus
807 2252 1046 2307 sudansque
1077 2251 1244 2298 viator,

126 2327 240 2365 Dum
272 2324 417 2371 sedet,
463 2331 505 2362 ct
541 2332 660 2374 rapta
693 2322 840 2362 dulces
870 2323 920 2361 ab
950 2322 1156 2362 arundine
1187 2333 1337 2361 succos

130 2396 221 2436 Ore
250 2395 386 2443 bibit,
417 2393 918 2448 geminatquehaustus,
968 2394 1180 2448 iteratque
1219 2394 1408 2446 rapinam

130 2466 375 2518 improbus!
407 2467 599 2513 Interea,
631 2464 763 2504 denso
793 2464 912 2517 prius
942 2464 1107 2517 agmine
1138 2464 1251 2515 sylva

131 2538 224 2599 Qua
250 2545 450 2582 steterat,
483 2535 618 2588 spatio
649 2536 756 2574 male
791 2535 1047 2575 dissociatur
1075 2534 1218 2582 inani,

130 2607 313 2663 Solaque
346 2620 607 2658 consurgens
636 2606 797 2645 medias
827 2615 925 2659 post
952 2618 1084 2645 canna
1113 2605 1280 2644 lacunas

127 2679 216 2717 Nec
246 2677 348 2716 satis
377 2692 399 2716 a
431 2686 583 2726 vento,
615 2689 696 2716 nec
726 2690 771 2716 se
802 2684 962 2716 tutatur
990 2677 1041 2716 ab
1071 2685 1210 2724 aestu,

130 2749 249 2788 Nuda
279 2749 410 2799 latus,
437 2747 523 2787 fido
553 2760 631 2787 nec
658 2747 741 2802 jam
772 2747 947 2787 defensa
978 2760 1171 2787 sororum

130 2819 347 2873 Corpore,
392 2818 442 2859 ab
482 2819 629 2861 insano
671 2819 708 2860 si
739 2818 902 2872 vapulet
935 2818 1074 2858 acrius
1105 2818 1236 2857 Euro.

1589 151 1668 195 582
