1788 3183
141 175 166 214 8
751 172 1039 208 (januariam.

144 291 207 338 tis
235 290 474 337 coaluisse
503 300 736 337 statuunt.
805 289 1061 336 Accedunt
1095 288 1147 335 in
1179 288 1429 335 nonnullis
1462 287 1657 334 flosculi

146 377 346 439 quidam
397 377 701 441 imperfecti,
766 375 1054 440 plerumque
1108 375 1390 421 terminales
1447 374 1664 420 rariusve

144 464 333 509 inferne
363 464 632 528 suppositi,
668 462 945 517 filisormes,
984 462 1368 517 aristaesormcs,
1407 477 1664 524 squamae-

148 550 330 596 sormes
367 561 461 595 ete.
531 551 586 594 ln
616 549 787 614 paucis
823 549 1086 610 glumae,
1126 565 1249 612 quae
1286 548 1538 603 (licuntur,
1579 547 1662 593 de-

144 636 330 683 ficiunt.
417 635 767 682 Perianthii
816 636 929 683 loeo
968 634 1253 699 squamulae
1288 634 1526 689 minutae,
1590 634 1667 680 vel

144 723 446 769 incrassatae
482 732 530 767 et
567 721 918 785 complicatae,
966 722 1039 769 vel
1076 733 1247 766 tenues
1285 732 1334 766 et
1360 720 1665 766 membrana-

145 827 285 865 ceae,
345 808 560 870 integrae
595 807 671 853 vel
706 807 906 864 bifidae,
959 808 1119 853 nudae
1153 806 1228 855 vel
1274 806 1490 862 ciliatae,
1551 824 1662 852 cum

146 895 404 941 {ilamentis
450 893 773 950 alternantes,
823 895 1110 958 plerumque
1149 892 1367 955 geminae
1403 893 1661 940 collatera-

143 982 215 1026 les
249 980 467 1027 valvulae
504 980 743 1042 superiori
781 981 1067 1045 oppositae,
1104 981 1258 1025 rarius
1295 977 1369 1042 (in
1397 980 1664 1043 perfectio-

91 1114 94 1117 ,
144 1067 304 1122 ribus,
344 1066 521 1130 quibus
560 1067 821 1113 staminum
853 1084 1081 1112 numerus
1118 1066 1323 1128 maior,)
1361 1079 1544 1122 ternae,
1583 1083 1666 1113 ac-

144 1153 349 1200 cedente
383 1153 572 1198 scilicet
608 1153 763 1199 altera
798 1154 926 1199 intra
956 1152 1195 1200 valvulam
1221 1153 1551 1217 superiorem,
1587 1152 1663 1199 bi-

143 1239 219 1285 nis
256 1239 351 1284 illis
389 1238 632 1303 opposita.
705 1240 984 1286 Stamina
1018 1240 1310 1302 hypogyna,
1348 1256 1551 1284 numero
1579 1238 1664 1285 de-

143 1326 300 1381 finita,
349 1325 640 1389 plerumque
675 1326 793 1381 tria,
841 1326 996 1371 rarius
1041 1338 1089 1381 1,
1127 1335 1180 1381 2,
1218 1334 1271 1381 4,
1312 1323 1365 1382 (J,
1418 1326 1665 1372 rarissime

145 1412 397 1458 indefinita
430 1411 525 1472 (ad
557 1409 685 1474 lio),
723 1413 1071 1458 Filamenta
1105 1412 1373 1467 filisormia,
1414 1412 1661 1468 distincta,

142 1498 449 1562 paucissimis
474 1499 800 1564 inonadelplia
815 1517 830 1560 5
868 1499 1183 1545 Antherae
1215 1498 1567 1555 incumbentes,
1589 1499 1665 1545 bi-

142 1584 414 1642 loeulares,
483 1598 695 1650 utroque
742 1597 956 1631 extremo
1001 1584 1548 1647 emarginato-hifidae,
1613 1585 1664 1631 in

142 1672 365 1736 plurimis
393 1672 630 1728 lineares,
667 1672 851 1727 luteae,
888 1671 1049 1718 fulvae
1071 1671 1148 1718 vel
1177 1688 1469 1735 purpureae.
1516 1672 1662 1719 Ova-

143 1758 300 1803 rium
335 1758 591 1821 singulum,
627 1759 964 1806 uniovulatum
1000 1755 1094 1817 (an
1125 1757 1185 1803 al]
1223 1758 1407 1819 origine
1441 1758 1663 1806 biovula-

144 1842 350 1906 tum?)3
409 1845 574 1908 Styli
611 1845 735 1901 duo,
783 1844 943 1891 variae
978 1843 1322 1906 longitudinis,
1374 1844 1521 1890 modo
1556 1844 1664 1890 basi

144 1943 363 1987 tantum,
411 1932 569 1978 rarius
605 1933 668 1979 ad
703 1932 892 1996 apicem
925 1947 1080 1994 usque
1115 1931 1339 1987 connati,
1395 1932 1525 1977 unde
1559 1948 1666 1978 mo-

144 2035 395 2082 nogynum
429 2019 585 2066 oritur
617 2019 880 2083 pistillum,
918 2018 1164 2065 rarissime
1193 2018 1403 2082 denique
1432 2019 1546 2082 styli
1567 2030 1668 2064 ter-

143 2105 224 2165 ni,
276 2105 579 2168 Stigmata
614 2105 713 2152 duo
748 2106 823 2154 vel
857 2105 978 2160 tria,
1027 2105 1450 2169 penicilliformia,
1498 2121 1664 2168 asper-

145 2191 448 2253 gilliformia,
485 2193 561 2241 vel
591 2191 1097 2257 disticho-plumosa,
1134 2208 1280 2255 saepe
1312 2208 1559 2254 purpurea
1587 2190 1665 2239 vel

145 2278 380 2325 violacea.
464 2281 762 2326 Fructus:
812 2278 1152 2341 Caryopsis
1198 2275 1513 2342 (pericarpio
1549 2294 1660 2323 eum

146 2366 328 2411 tunicis
365 2365 564 2411 seminis
609 2365 815 2411 solitarii
867 2362 1114 2427 coalito),
1176 2365 1292 2410 hinc
1337 2381 1482 2428 saepe
1526 2362 1665 2409 sulco

147 2464 340 2507 notata,
378 2452 553 2507 libera,
591 2452 667 2499 vel
696 2452 871 2507 valvis,
905 2451 957 2498 in
990 2451 1239 2497 nonnullis
1276 2450 1663 2506 durescentibus,

148 2550 304 2593 tecta,
358 2539 434 2586 vcl
468 2556 498 2584 a
530 2525 721 2586 valxssula
753 2538 1008 2603 superiore
1043 2537 1339 2584 adhaerente
1375 2538 1666 2585 circumves-

147 2623 250 2670 tita.
322 2625 621 2672 Albumen
657 2624 982 2680 farinaceum,
1027 2624 1284 2672 maximam
1321 2624 1517 2672 seminis
1550 2641 1665 2687 par-

149 2722 246 2756 tem
281 2711 494 2775 replens.
588 2711 851 2774 Embryo
898 2707 1260 2772 (endorhizus)
1310 2711 1362 2757 in
1402 2709 1665 2757 albuminis

148 2797 300 2845 latere
355 2798 607 2854 inferiori,
679 2796 937 2845 scutelli
990 2813 1077 2844 seu
1122 2796 1490 2862 hypohlasti
1541 2792 1666 2858 (Vi-

151 2884 251 2930 telli
303 2885 527 2942 Gaertn.)
576 2903 671 2949 ope
719 2883 954 2931 albumini
1007 2885 1316 2948 conjunctus.
1413 2882 1663 2946 Cotyle-
