1788 3183
233 201 316 243 542
490 199 767 240 Gnmumnfm.
827 199 1110 242 Onsnnvmo
1144 213 1463 242 Guocnuuncn.

221 328 270 361 ut
305 319 505 359 Paniccis
549 320 708 359 nostris
748 319 873 359 ctiam
916 319 1218 360 Saccharineas
1264 321 1483 369 addamus,
1528 324 1715 379 reliquas

218 390 324 417 vero
372 390 518 416 omnes
560 375 740 415 familias
784 377 957 414 nomine
995 379 1256 416 Poacearum
1291 380 1715 430 comprehendamus,

222 433 266 472 in
299 446 338 471 n.
372 446 573 471 nnowmi
607 432 738 483 prima
766 432 877 471 tribu
902 432 1004 480 264,
1038 433 1078 470 in
1105 433 1233 471 altera
1266 433 1337 484 ¹30
1366 434 1533 486 species
1562 447 1715 486 erunt;

216 488 330 528 unde
350 489 567 542 sequitur,
600 488 802 526 Paniceas
830 487 870 526 in
900 488 1076 527 {trasilia
1104 489 1233 527 multo
1265 488 1579 543 frequentiores
1608 505 1714 539 esse,

217 558 266 584 ac
289 543 329 582 in
348 545 460 583 Nova
491 542 726 582 llollandia.
787 545 838 582 At
863 557 963 582 vero
990 544 1116 582 etiam
1141 545 1182 582 in
1212 545 1390 583 Brasilia
1418 546 1593 585 maxima
1617 561 1713 599 pars

219 599 335 639 inter
377 603 663 652 Aequatorem
706 607 748 637 et
790 599 1023 652 'l'ropicum
1059 601 1311 651 Capricorni
1348 602 1619 648 continetur,
1672 613 1715 643 et

214 655 338 707 hujus
374 655 558 709 denique
597 654 763 693 numeri
799 668 896 705 pars
939 655 1064 707 longe
1096 656 1239 708 potior
1274 656 1444 694 nonnisi
1486 657 1629 710 paucis·
1664 659 1714 698 ab

218 715 464 766 Aequatore
487 710 687 763 gradibus
709 712 887 750 recedit.
948 712 1095 764 Longe
1123 711 1248 749 aliter
1277 726 1368 750 sese
1396 711 1550 751 liabent
1580 715 1713 765 Agro-

219 777 335 808 steae
358 781 404 806 ac
438 768 638 818 Stipeae,
668 780 776 820 quae
799 767 849 805 ad
877 767 1160 816 Aequatorem
1192 768 1256 805 vix
1282 780 1328 805 ac
1361 782 1413 805 ne
1442 768 1507 808 vix
1545 769 1716 823 quidem

217 832 473 869 occurrunt,
505 836 679 861 numero
704 831 843 862 tamen
877 831 1105 874 augentur,
1149 837 1234 876 quo
1273 822 1448 875 propius
1481 823 1532 863 ad
1568 826 1717 878 Capri·

216 880 339 918 corni
371 878 575 917 circulum
602 877 783 918 venitur.
856 878 1111 917 Chlorideae
1151 878 1322 931 quidem
1357 879 1470 918 inter
1503 881 1717 934 Aequato-

214 949 308 975 rem
355 933 676 989 'l'ropicumque
724 933 825 972 satis
861 933 1144 987 aequabiliter
1180 932 1360 973 diffusae
1407 935 1633 982 videntur,
1675 944 1717 975 ct

215 990 594 1030 Saccliurinearum
641 1003 842 1028 numerus
881 989 1015 1040 major
1055 989 1145 1028 sors
1180 999 1295 1028 extra
1338 990 1568 1044 'l‘ropicum
1599 990 1717 1031 habi-

216 1054 300 1096 tat3
329 1046 480 1101 quibus
497 1047 623 1085 etiam
640 1047 681 1084 in
697 1045 944 1098 regionibus
959 1045 1234 1084 flou-deaceae
1249 1054 1490 1092 automnes,
1505 1056 1574 1086 aut
1597 1057 1716 1088 certe

216 1115 318 1149 eae,
367 1117 474 1157 quae
512 1101 646 1155 probe
679 1110 961 1152 spontaneae,
1007 1100 1227 1148 habitant,
1277 1110 1319 1139 et
1360 1115 1466 1156 quae
1505 1103 1713 1151 coluntur,

215 1171 369 1212 magno
404 1167 612 1210 proventu
653 1158 856 1196 cultorem
888 1167 1237 1203 remunerantur,
1280 1155 1376 1195 dum
1416 1159 1525 1196 intra
1560 1159 1716 1212 Tropi-

215 1227 311 1254 cum
333 1228 415 1253 non
443 1214 525 1252 nisi
556 1214 599 1251 in
635 1212 843 1264 ejusmodi
877 1212 980 1251 locis
1011 1212 1308 1257 inveniuntur,
1346 1227 1454 1267 quae
1484 1228 1554 1252 sua
1584 1228 1713 1266 super
1765 1246 1777 1252 -

215 1270 436 1311 Oceanum
494 1269 718 1308 altitudine
772 1268 894 1306 clima
943 1282 1075 1307 zonae
1127 1277 1388 1319 temperatae
1438 1270 1712 1309 aemulantur.

213 1325 494 1371 Bambuseis,
528 1326 643 1379 quod
667 1323 786 1364 valde
809 1323 961 1369 doleo,
1007 1319 1295 1362 examina-ndis
1329 1323 1371 1362 id
1407 1338 1563 1377 operae
1604 1325 1714 1364 haud

217 1382 457 1435 impensum
484 1390 574 1427 est,
606 1390 651 1419 ut
675 1381 726 1419 dc
746 1380 987 1432 specierum
1007 1393 1181 1418 numero
1197 1379 1312 1418 ferre
1338 1381 1590 1419 sententiam
1614 1395 1711 1434 pos-

215 1440 318 1485 sim3
350 1437 390 1475 id
415 1437 585 1491 quidem
611 1447 771 1475 certum
801 1445 886 1481 est,
922 1435 1068 1472 multas
1099 1435 1247 1473 adesse
1271 1437 1462 1485 specics.
1496 1450 1628 1490 quae,
1662 1437 1714 1475 li-

214 1503 283 1534 cet
304 1493 382 1544 jam
409 1493 500 1543 ipsa
531 1493 658 1531 culmi
686 1491 881 1530 crassitie
907 1499 948 1529 et
971 1491 1265 1543 geniculorum
1294 1490 1598 1545 longitudinee
1619 1492 1710 1532 lon·

213 1551 375 1604 ginquo
416 1549 617 1587 distinctu
661 1547 839 1589 faciles,
893 1556 985 1585 vate
1024 1559 1171 1593 sacro,
1224 1556 1268 1585 ut
1306 1547 1365 1585 ait
1406 1548 1559 1592 Poeta,
1608 1548 1636 1587 i.
1672 1562 1708 1587 e.

211 1605 419 1646 Botanico
448 1605 741 1647 describente,
784 1602 1018 1641 adhucdum
1059 1611 1241 1641 careant.
1317 1603 1499 1642 Maximo
1531 1617 1710 1643 numero

212 1662 415 1715 regiones
446 1660 521 1699 sub
550 1661 643 1713 ipso
669 1663 911 1713 [tequatore
937 1658 1059 1703 sitas,
1092 1672 1165 1697 seu
1195 1658 1275 1710 ipsi
1302 1657 1541 1710 adjacentes
1566 1673 1707 1700 amare

214 1719 437 1762 videntur,
472 1717 543 1755 ubi
583 1716 708 1755 etiam
745 1731 765 1753 a
805 1713 971 1766 populis
1009 1713 1302 1766 aboriginibus
1341 1728 1433 1754 cum
1465 1728 1564 1754 cura
1594 1716 1709 1769 plan-

214 1782 380 1816 tantur,
410 1772 458 1810 ad
482 1772 694 1810 vallandos
716 1783 847 1823 pagos
877 1778 1021 1809 contra
1049 1770 1264 1808 hostilium
1287 1769 1473 1809 tribuum
1498 1770 1707 1811 incursus.

215 1832 313 1882 Ipse
339 1843 419 1881 eg«)
449 1828 489 1866 in
522 1827 652 1880 sylvis
679 1827 727 1864 ad
763 1825 915 1864 llumen
941 1826 1097 1876 Japura
1131 1825 1337 1877 ejusmodi
1365 1827 1492 1865 densa
1528 1827 1708 1866 Bambu-

216 1899 380 1925 searum
416 1883 593 1926 fruteta,
636 1884 810 1935 triginta
855 1891 896 1920 et
934 1881 1045 1935 quod
1080 1881 1246 1920 excedit
1291 1883 1420 1934 pedes
1455 1882 1555 1930 alta,
1605 1895 1708 1922 con-

215 1941 360 1995 spexi,
405 1939 548 1979 forsan
579 1939 836 1977 Bambusa
869 1936 1116 1976 latifolia
1148 1936 1326 1983 Runtl1.,
1359 1936 1602 1987 efformat33
1634 1951 1707 1976 co-

213 1998 425 2050 mitesque
454 1996 569 2042 ludi,
602 1994 673 2033 ubi
694 1994 816 2032 nobis
839 2003 1118 2032 occurrerent
1136 2021 1144 2037 ,
1175 1993 1219 2032 id
1244 2002 1493 2046 argumento
1532 1992 1614 2033 sibi
1641 1992 1707 2032 di-

215 2054 368 2092 cebant
406 2065 522 2097 esse,
583 2051 683 2089 olim
731 2064 860 2103 pagos
911 2047 982 2086 hic
1024 2048 1191 2087 indicos
1231 2047 1512 2097 (Allallocas)
1555 2048 1704 2089 fuisse.

212 2111 392 2148 Praeter
429 2107 500 2144 lias
540 2106 821 2149 Bambuseas,
876 2104 1082 2155 sylvarum
1131 2117 1274 2157 parum
1317 2118 1445 2156 super
1486 2104 1705 2143 Oceanum
1758 2123 1763 2124 ⁷

204 2166 417 2205 *elatarum
444 2163 494 2201 ad
525 2167 785 2201 Amazonum
801 2157 973 2198 fluvium
999 2168 1040 2197 et
1069 2158 1156 2210 ejus
1181 2157 1443 2199 confluentes
1467 2160 1704 2214 indigenas,

213 2220 314 2260 alias
339 2218 516 2257 maximo
534 2232 709 2256 numero
734 2217 902 2255 illorum
933 2229 1150 2253 nemorum
1176 2215 1291 2254 cives
1317 2215 1563 2262 observavi,
1596 2229 1705 2270 quae

212 2288 408 2327 magnum
433 2274 548 2312 illum
572 2274 796 2318 montium,
827 2271 940 2324 juxta
968 2285 1082 2309 oram
1121 2271 1392 2318 maritimam,
1436 2272 1550 2310 inter
1579 2273 1705 2311 Sote-

211 2327 384 2385 ropolin
422 2338 463 2369 et
501 2332 541 2370 S.
581 2329 829 2369 Catharinac
868 2327 1112 2378 provinciae
1146 2326 1332 2374 limites,
1386 2326 1705 2366 decurrentium

210 2396 417 2432 tractum,
460 2383 588 2424 Serra
618 2383 670 2422 do
706 2382 813 2431 illm·
842 2383 1023 2428 dictum,
1062 2380 1280 2434 obtegunt.
1338 2384 1576 2422 Memoratu
1600 2396 1703 2423 vero

212 2443 534 2497 dignissimum,
599 2440 663 2479 his
710 2439 816 2478 locis
859 2438 1047 2490 gramina
1086 2436 1326 2488 hujusmodi
1370 2438 1702 2487 arborescentia,

211 2514 292 2539 una
314 2512 406 2537 cum
428 2496 611 2535 {ilicibus
636 2496 832 2535 arborum
855 2494 1054 2539 aemulis,
1086 2507 1171 2533 non
1203 2493 1254 2532 ad
1284 2494 1488 2531 montium
1519 2494 1701 2542 radices,

205 2556 289 2594 'sed
326 2554 367 2592 in
404 2552 625 2592 altitudine
660 2551 890 2605 praecipue
932 2551 1219 2588 1800—-2000
1254 2548 1408 2602 pedum
1433 2564 1558 2602 supra
1588 2563 1702 2589 mare

216 2622 469 2654 occurrere,
514 2622 747 2662 zonamque
787 2614 945 2645 certam
983 2604 1212 2644 hincinde
1259 2605 1552 2652 constituere,
1596 2605 1704 2645 citra

214 2681 334 2720 quam
361 2665 494 2703 forma
531 2662 668 2715 sylvae
695 2662 929 2714 aboriginis
961 2668 1170 2705 mutatur,
1216 2660 1539 2699 succedentibus
1576 2659 1703 2699 nimi-

210 2736 300 2761 rum
324 2721 545 2760 arboribus
569 2717 866 2758 humilioribus
899 2716 1079 2769 aliisque
1109 2715 1310 2754 fruticum
1339 2715 1515 2763 formis,
1555 2715 1702 2769 quales

211 2778 306 2817 altis
334 2776 591 2830 planitiebus
617 2773 914 2826 montibusque
951 2771 1204 2810 interiorum
1239 2771 1465 2823 regionum
1501 2771 1704 2824 propriae

213 2842 332 2879 sunt,
365 2833 407 2871 in
432 2840 704 2884 conspectum
727 2828 1007 2869 venientibus.
1064 2828 1184 2865 Hanc
1209 2840 1358 2866 zonam
1384 2827 1619 2879 graminum
1637 2841 1704 2865 ar·

211 2888 529 2931 horescentium
570 2887 612 2925 in
651 2899 800 2939 mappa
835 2881 1300 2937 (Vegetationscarte)‚
1350 2895 1457 2937 quae
1489 2882 1704 2923 itinerarii
