<?xml version="1.0" encoding="UTF-8"?>
<!DOCTYPE html PUBLIC "-//W3C//DTD XHTML 1.0 Transitional//EN"
    "http://www.w3.org/TR/xhtml1/DTD/xhtml1-transitional.dtd">
<html xmlns="http://www.w3.org/1999/xhtml" xml:lang="en" lang="en">
 <head>
  <title>
</title>
<meta http-equiv="Content-Type" content="text/html;charset=utf-8" />
  <meta name='ocr-system' content='tesseract 3.04.00' />
  <meta name='ocr-capabilities' content='ocr_page ocr_carea ocr_par ocr_line ocrx_word'/>
</head>
<body>
  <div class='ocr_page' id='page_1' title='image "agrostologiabras00nees_0027.png"; bbox 0 0 1788 3183; ppageno 0'>
   <div class='ocr_carea' id='block_1_1' title="bbox 659 147 1553 191">
    <p class='ocr_par' dir='ltr' id='par_1_1' title="bbox 659 147 1553 191">
     <span class='ocr_line' id='line_1_1' title="bbox 659 147 1553 191; baseline 0.001 -1"><span class='ocrx_word' id='word_1_1' title='bbox 659 147 942 190; x_wconf 61' lang='lat' dir='ltr'><strong>Gnammmss.</strong></span> <span class='ocrx_word' id='word_1_2' title='bbox 1497 149 1553 191; x_wconf 80' lang='lat'><strong>13</strong></span> 
     </span>
    </p>
   </div>
   <div class='ocr_carea' id='block_1_2' title="bbox 51 263 1553 1111">
    <p class='ocr_par' dir='ltr' id='par_1_2' title="bbox 51 263 1553 1111">
     <span class='ocr_line' id='line_1_2' title="bbox 52 263 1548 335; baseline -0.011 -12"><span class='ocrx_word' id='word_1_3' title='bbox 52 274 203 328; x_wconf 84' lang='lat' dir='ltr'><strong>derit,</strong></span> <span class='ocrx_word' id='word_1_4' title='bbox 241 269 606 335; x_wconf 82' lang='lat' dir='ltr'><strong>congruentiam</strong></span> <span class='ocrx_word' id='word_1_5' title='bbox 638 267 772 313; x_wconf 87' lang='lat' dir='ltr'><strong>illam</strong></span> <span class='ocrx_word' id='word_1_6' title='bbox 806 267 858 312; x_wconf 89' lang='lat' dir='ltr'><strong>in</strong></span> <span class='ocrx_word' id='word_1_7' title='bbox 894 263 1122 321; x_wconf 85' lang='lat' dir='ltr'><strong>diversis,</strong></span> <span class='ocrx_word' id='word_1_8' title='bbox 1159 282 1303 329; x_wconf 84' lang='lat' dir='ltr'><strong>quam</strong></span> <span class='ocrx_word' id='word_1_9' title='bbox 1339 267 1548 315; x_wconf 77' lang='lat' dir='ltr'><strong>analo-</strong></span> 
     </span>
     <span class='ocr_line' id='line_1_3' title="bbox 51 331 1548 404; baseline -0.005 -17"><span class='ocrx_word' id='word_1_10' title='bbox 51 341 209 404; x_wconf 80' lang='lat' dir='ltr'><strong>giam</strong></span> <span class='ocrx_word' id='word_1_11' title='bbox 241 351 497 390; x_wconf 82' lang='lat' dir='ltr'><strong>vocamus,</strong></span> <span class='ocrx_word' id='word_1_12' title='bbox 534 333 631 380; x_wconf 88' lang='lat' dir='ltr'><strong>nisi</strong></span> <span class='ocrx_word' id='word_1_13' title='bbox 655 332 809 379; x_wconf 92' lang='lat' dir='ltr'><strong>oculis</strong></span> <span class='ocrx_word' id='word_1_14' title='bbox 838 331 982 395; x_wconf 86' lang='lat' dir='ltr'><strong>ipsiS,</strong></span> <span class='ocrx_word' id='word_1_15' title='bbox 1017 341 1179 375; x_wconf 86' lang='lat' dir='ltr'><strong>mente</strong></span> <span class='ocrx_word' id='word_1_16' title='bbox 1219 343 1355 378; x_wconf 88' lang='lat' dir='ltr'><strong>certo</strong></span> <span class='ocrx_word' id='word_1_17' title='bbox 1382 335 1548 379; x_wconf 88' lang='lat' dir='ltr'><strong>conei-</strong></span> 
     </span>
     <span class='ocr_line' id='line_1_4' title="bbox 52 395 1547 470; baseline -0.005 -18"><span class='ocrx_word' id='word_1_18' title='bbox 52 406 168 470; x_wconf 84' lang='lat' dir='ltr'><strong>piet.</strong></span> <span class='ocrx_word' id='word_1_19' title='bbox 235 400 339 448; x_wconf 78' lang='lat' dir='ltr'><strong>Est&#39;</strong></span> <span class='ocrx_word' id='word_1_20' title='bbox 373 412 532 447; x_wconf 90' lang='lat' dir='ltr'><strong>autem</strong></span> <span class='ocrx_word' id='word_1_21' title='bbox 572 397 810 461; x_wconf 86' lang='lat' dir='ltr'><strong>ejusmodi</strong></span> <span class='ocrx_word' id='word_1_22' title='bbox 856 395 1080 457; x_wconf 86' lang='lat' dir='ltr'><strong>analogia</strong></span> <span class='ocrx_word' id='word_1_23' title='bbox 1131 395 1200 441; x_wconf 87' lang='lat' dir='ltr'><strong>ita</strong></span> <span class='ocrx_word' id='word_1_24' title='bbox 1245 398 1547 461; x_wconf 85' lang='lat' dir='ltr'><strong>accipienda,</strong></span> 
     </span>
     <span class='ocr_line' id='line_1_5' title="bbox 53 462 1549 528; baseline -0.005 -11"><span class='ocrx_word' id='word_1_25' title='bbox 53 482 107 518; x_wconf 79' lang='lat' dir='ltr'><strong>ut</strong></span> <span class='ocrx_word' id='word_1_26' title='bbox 141 466 435 516; x_wconf 87' lang='lat' dir='ltr'><strong>Gramina</strong></span> <span class='ocrx_word' id='word_1_27' title='bbox 475 480 712 528; x_wconf 89' lang='lat' dir='ltr'><strong>ponamus</strong></span> <span class='ocrx_word' id='word_1_28' title='bbox 761 477 868 506; x_wconf 88' lang='grc'><strong>6556</strong></span> <span class='ocrx_word' id='word_1_29' title='bbox 915 473 1149 523; x_wconf 84' lang='lat' dir='ltr'><strong>tanquam</strong></span> <span class='ocrx_word' id='word_1_30' title='bbox 1182 462 1351 507; x_wconf 88' lang='lat' dir='ltr'><strong>Palm</strong></span> <span class='ocrx_word' id='word_1_31' title='bbox 1369 481 1428 509; x_wconf 89' lang='lat' dir='ltr'><strong>as</strong></span> <span class='ocrx_word' id='word_1_32' title='bbox 1465 464 1549 510; x_wconf 90' lang='lat' dir='ltr'><strong>in-</strong></span> 
     </span>
     <span class='ocr_line' id='line_1_6' title="bbox 53 525 1549 590; baseline -0.01 -8"><span class='ocrx_word' id='word_1_33' title='bbox 53 533 314 583; x_wconf 84' lang='lat' dir='ltr'><strong>ferioris</strong></span> <span class='ocrx_word' id='word_1_34' title='bbox 366 529 634 583; x_wconf 87' lang='lat' dir='ltr'><strong>ordinis,</strong></span> <span class='ocrx_word' id='word_1_35' title='bbox 686 543 772 572; x_wconf 88' lang='lat' dir='ltr'><strong>seu</strong></span> <span class='ocrx_word' id='word_1_36' title='bbox 813 525 1069 590; x_wconf 87' lang='lat' dir='ltr'><strong>plantas</strong></span> <span class='ocrx_word' id='word_1_37' title='bbox 1117 529 1549 590; x_wconf 75' lang='lat' dir='ltr'><strong>monoeotyle-</strong></span> 
     </span>
     <span class='ocr_line' id='line_1_7' title="bbox 54 590 1551 656; baseline -0.009 -7"><span class='ocrx_word' id='word_1_38' title='bbox 54 602 288 649; x_wconf 88' lang='lat' dir='ltr'><strong>doneas</strong></span> <span class='ocrx_word' id='word_1_39' title='bbox 313 611 478 640; x_wconf 87' lang='lat' dir='ltr'><strong>mere</strong></span> <span class='ocrx_word' id='word_1_40' title='bbox 507 592 824 655; x_wconf 78' lang='lat' dir='ltr'><strong>vaginales</strong></span> <span class='ocrx_word' id='word_1_41' title='bbox 855 607 959 636; x_wconf 87' lang='lat' dir='ltr'><strong>seu</strong></span> <span class='ocrx_word' id='word_1_42' title='bbox 988 590 1355 653; x_wconf 72' lang='lat' dir='ltr'><strong>glumaeeas,</strong></span> <span class='ocrx_word' id='word_1_43' title='bbox 1393 595 1551 656; x_wconf 82' lang='lat' dir='ltr'><strong>(quod</strong></span> 
     </span>
     <span class='ocr_line' id='line_1_8' title="bbox 51 655 1552 720; baseline -0.01 -8"><span class='ocrx_word' id='word_1_44' title='bbox 51 666 181 712; x_wconf 88' lang='lat' dir='ltr'><strong>idem</strong></span> <span class='ocrx_word' id='word_1_45' title='bbox 203 664 302 709; x_wconf 83' lang='lat' dir='ltr'><strong>sere</strong></span> <span class='ocrx_word' id='word_1_46' title='bbox 325 671 421 714; x_wconf 77' lang='lat' dir='ltr'><strong>est,</strong></span> <span class='ocrx_word' id='word_1_47' title='bbox 460 676 516 705; x_wconf 86' lang='lat' dir='ltr'><strong>ac</strong></span> <span class='ocrx_word' id='word_1_48' title='bbox 545 659 586 704; x_wconf 86' lang='lat' dir='ltr'><strong>si</strong></span> <span class='ocrx_word' id='word_1_49' title='bbox 612 675 720 703; x_wconf 90' lang='lat' dir='ltr'><strong>cum</strong></span> <span class='ocrx_word' id='word_1_50' title='bbox 742 655 913 701; x_wconf 86' lang='lat' dir='ltr'><strong>Trinio</strong></span> <span class='ocrx_word' id='word_1_51' title='bbox 941 667 1112 702; x_wconf 90' lang='lat' dir='ltr'><strong>nostro</strong></span> <span class='ocrx_word' id='word_1_52' title='bbox 1135 673 1316 720; x_wconf 78' lang='lat' dir='ltr'><strong>ponas,</strong></span> <span class='ocrx_word' id='word_1_53' title='bbox 1354 675 1552 720; x_wconf 75' lang='lat' dir='ltr'><strong>gramen</strong></span> 
     </span>
     <span class='ocr_line' id='line_1_9' title="bbox 54 720 1553 789; baseline -0.007 -12"><span class='ocrx_word' id='word_1_54' title='bbox 54 746 163 778; x_wconf 87' lang='lat' dir='ltr'><strong>esse</strong></span> <span class='ocrx_word' id='word_1_55' title='bbox 198 725 488 789; x_wconf 79' lang='lat' dir='ltr'>vegetabile,</span> <span class='ocrx_word' id='word_1_56' title='bbox 535 724 669 786; x_wconf 88' lang='lat' dir='ltr'><strong>cujus</strong></span> <span class='ocrx_word' id='word_1_57' title='bbox 698 720 938 782; x_wconf 88' lang='lat' dir='ltr'><strong>singulum</strong></span> <span class='ocrx_word' id='word_1_58' title='bbox 967 720 1298 767; x_wconf 84' lang='lat' dir='ltr'><strong>internodium</strong></span> <span class='ocrx_word' id='word_1_59' title='bbox 1325 740 1434 769; x_wconf 86' lang='lat' dir='ltr'><strong>eum</strong></span> <span class='ocrx_word' id='word_1_60' title='bbox 1463 742 1553 771; x_wconf 85' lang='lat' dir='ltr'><strong>suo</strong></span> 
     </span>
     <span class='ocr_line' id='line_1_10' title="bbox 57 785 1553 853; baseline -0.004 -11"><span class='ocrx_word' id='word_1_61' title='bbox 57 794 180 842; x_wconf 81' lang='lat' dir='ltr'><strong>folio</strong></span> <span class='ocrx_word' id='word_1_62' title='bbox 219 791 450 839; x_wconf 86' lang='lat' dir='ltr'><strong>flosculus</strong></span> <span class='ocrx_word' id='word_1_63' title='bbox 482 787 734 835; x_wconf 89' lang='lat' dir='ltr'><strong>habendus</strong></span> <span class='ocrx_word' id='word_1_64' title='bbox 759 786 845 842; x_wconf 81' lang='lat' dir='ltr'><strong>sit,</strong></span> <span class='ocrx_word' id='word_1_65' title='bbox 890 785 937 832; x_wconf 78' lang='lat' dir='ltr'><strong>vi</strong></span> <span class='ocrx_word' id='word_1_66' title='bbox 969 787 1234 848; x_wconf 76' lang='lat' dir='ltr'><strong>vegetativa</strong></span> <span class='ocrx_word' id='word_1_67' title='bbox 1261 788 1489 853; x_wconf 84' lang='lat' dir='ltr'><strong>abreptus</strong></span> <span class='ocrx_word' id='word_1_68' title='bbox 1505 804 1553 837; x_wconf 85' lang='lat' dir='ltr'><strong>et</strong></span> 
     </span>
     <span class='ocr_line' id='line_1_11' title="bbox 53 850 1552 918; baseline -0.008 -12"><span class='ocrx_word' id='word_1_69' title='bbox 53 861 212 906; x_wconf 89' lang='lat' dir='ltr'><strong>nisum</strong></span> <span class='ocrx_word' id='word_1_70' title='bbox 272 866 607 918; x_wconf 83' lang='lat' dir='ltr'><strong>generatorem</strong></span> <span class='ocrx_word' id='word_1_71' title='bbox 659 852 712 897; x_wconf 90' lang='lat' dir='ltr'><strong>in</strong></span> <span class='ocrx_word' id='word_1_72' title='bbox 768 850 998 914; x_wconf 85' lang='lat' dir='ltr'><strong>propriae</strong></span> <span class='ocrx_word' id='word_1_73' title='bbox 1047 852 1191 898; x_wconf 88' lang='lat' dir='ltr'><strong>molis</strong></span> <span class='ocrx_word' id='word_1_74' title='bbox 1245 868 1552 916; x_wconf 71' lang='lat' dir='ltr'><strong>augmentum</strong></span> 
     </span>
     <span class='ocr_line' id='line_1_12' title="bbox 57 914 1551 983; baseline -0.005 -11"><span class='ocrx_word' id='word_1_75' title='bbox 57 934 342 972; x_wconf 79' lang='lat' dir='ltr'><strong>convertens</strong></span> <span class='ocrx_word' id='word_1_76' title='bbox 354 921 392 980; x_wconf 78' lang='grc'><strong>,)</strong></span> <span class='ocrx_word' id='word_1_77' title='bbox 428 935 586 982; x_wconf 71' lang='lat' dir='ltr'><strong>neque</strong></span> <span class='ocrx_word' id='word_1_78' title='bbox 634 928 837 980; x_wconf 85' lang='lat' dir='ltr'><strong>propter</strong></span> <span class='ocrx_word' id='word_1_79' title='bbox 875 915 926 960; x_wconf 89' lang='lat' dir='ltr'><strong>id</strong></span> <span class='ocrx_word' id='word_1_80' title='bbox 960 914 1023 960; x_wconf 88' lang='lat' dir='ltr'><strong>ad</strong></span> <span class='ocrx_word' id='word_1_81' title='bbox 1056 915 1227 962; x_wconf 87' lang='lat' dir='ltr'><strong>florem</strong></span> <span class='ocrx_word' id='word_1_82' title='bbox 1262 921 1551 983; x_wconf 83' lang='lat' dir='ltr'><strong>completio-</strong></span> 
     </span>
     <span class='ocr_line' id='line_1_13' title="bbox 54 980 1552 1053; baseline -0.003 -17"><span class='ocrx_word' id='word_1_83' title='bbox 54 1007 156 1036; x_wconf 89' lang='lat' dir='ltr'><strong>rem</strong></span> <span class='ocrx_word' id='word_1_84' title='bbox 173 985 520 1053; x_wconf 85' lang='lat' dir='ltr'><strong>perficiendum</strong></span> <span class='ocrx_word' id='word_1_85' title='bbox 543 983 775 1041; x_wconf 78' lang='lat' dir='ltr'><strong>idoneas5</strong></span> <span class='ocrx_word' id='word_1_86' title='bbox 814 980 1055 1035; x_wconf 75' lang='lat' dir='ltr'><strong>‚Palmas</strong></span> <span class='ocrx_word' id='word_1_87' title='bbox 1093 994 1265 1028; x_wconf 84' lang='lat' dir='ltr'><strong>contra</strong></span> <span class='ocrx_word' id='word_1_88' title='bbox 1298 1001 1378 1029; x_wconf 80' lang='lat' dir='ltr'><strong>cas</strong></span> <span class='ocrx_word' id='word_1_89' title='bbox 1414 985 1552 1049; x_wconf 89' lang='lat' dir='ltr'><strong>plan-</strong></span> 
     </span>
     <span class='ocr_line' id='line_1_14' title="bbox 55 1048 1552 1111; baseline -0.007 -9"><span class='ocrx_word' id='word_1_90' title='bbox 55 1068 128 1102; x_wconf 87' lang='lat' dir='ltr'><strong>tas</strong></span> <span class='ocrx_word' id='word_1_91' title='bbox 163 1069 267 1100; x_wconf 87' lang='lat' dir='ltr'><strong>esse</strong></span> <span class='ocrx_word' id='word_1_92' title='bbox 315 1052 501 1096; x_wconf 81' lang='lat' dir='ltr'><strong>diceres</strong></span> <span class='ocrx_word' id='word_1_93' title='bbox 549 1048 954 1111; x_wconf 73' lang='lat' dir='ltr'><strong>spatllaeea8‚</strong></span> <span class='ocrx_word' id='word_1_94' title='bbox 1008 1061 1113 1090; x_wconf 88' lang='lat' dir='ltr'><strong>seu</strong></span> <span class='ocrx_word' id='word_1_95' title='bbox 1158 1065 1411 1110; x_wconf 84' lang='lat' dir='ltr'><strong>quarum</strong></span> <span class='ocrx_word' id='word_1_96' title='bbox 1461 1069 1552 1099; x_wconf 76' lang='lat' dir='ltr'><strong>va-</strong></span> 
     </span>
    </p>
   </div>
   <div class='ocr_carea' id='block_1_3' title="bbox 61 1111 1554 1182">
    <p class='ocr_par' dir='ltr' id='par_1_3' title="bbox 61 1111 1554 1182">
     <span class='ocr_line' id='line_1_15' title="bbox 61 1111 1554 1182; baseline -0.003 -17"><span class='ocrx_word' id='word_1_97' title='bbox 61 1119 264 1182; x_wconf 88' lang='lat' dir='ltr'><strong>ginae,</strong></span> <span class='ocrx_word' id='word_1_98' title='bbox 311 1133 338 1160; x_wconf 87' lang='lat' dir='ltr'><strong>a</strong></span> <span class='ocrx_word' id='word_1_99' title='bbox 380 1114 709 1166; x_wconf 79' lang='lat' dir='ltr'><strong>foliorum,</strong></span> <span class='ocrx_word' id='word_1_100' title='bbox 758 1127 866 1174; x_wconf 88' lang='lat' dir='ltr'><strong>per</strong></span> <span class='ocrx_word' id='word_1_101' title='bbox 906 1111 1226 1158; x_wconf 84' lang='lat' dir='ltr'><strong>caudicem</strong></span> <span class='ocrx_word' id='word_1_102' title='bbox 1268 1114 1329 1159; x_wconf 86' lang='lat' dir='ltr'><strong>in</strong></span> <span class='ocrx_word' id='word_1_103' title='bbox 1379 1133 1554 1160; x_wconf 82' lang='lat' dir='ltr'><strong>coro-</strong></span> 
     </span>
    </p>
   </div>
   <div class='ocr_carea' id='block_1_4' title="bbox 59 1175 1555 1245">
    <p class='ocr_par' dir='ltr' id='par_1_4' title="bbox 59 1175 1555 1245">
     <span class='ocr_line' id='line_1_16' title="bbox 59 1175 1555 1245; baseline -0.003 -14"><span class='ocrx_word' id='word_1_104' title='bbox 59 1201 191 1230; x_wconf 86' lang='lat' dir='ltr'><strong>nam</strong></span> <span class='ocrx_word' id='word_1_105' title='bbox 225 1180 585 1233; x_wconf 76' lang='lat' dir='ltr'><strong>nitentium,</strong></span> <span class='ocrx_word' id='word_1_106' title='bbox 631 1177 860 1222; x_wconf 84' lang='lat' dir='ltr'><strong>laetius</strong></span> <span class='ocrx_word' id='word_1_107' title='bbox 894 1175 1380 1235; x_wconf 68' lang='lat' dir='ltr'><strong>incrementum,</strong></span> <span class='ocrx_word' id='word_1_108' title='bbox 1420 1197 1555 1245; x_wconf 86' lang='lat' dir='ltr'><strong>sup-</strong></span> 
     </span>
    </p>
   </div>
   <div class='ocr_carea' id='block_1_5' title="bbox 185 1352 1559 1456">
    <p class='ocr_par' dir='ltr' id='par_1_5' title="bbox 185 1352 1559 1456">
     <span class='ocr_line' id='line_1_17' title="bbox 185 1352 1559 1403; baseline 0.001 -10"><span class='ocrx_word' id='word_1_109' title='bbox 185 1360 234 1393; x_wconf 81' lang='lat' dir='ltr'><strong>lis</strong></span> <span class='ocrx_word' id='word_1_110' title='bbox 263 1355 459 1403; x_wconf 82' lang='lat' dir='ltr'><strong>praedita,</strong></span> <span class='ocrx_word' id='word_1_111' title='bbox 494 1361 537 1388; x_wconf 92' lang='lat' dir='ltr'><strong>ut</strong></span> <span class='ocrx_word' id='word_1_112' title='bbox 571 1352 683 1400; x_wconf 86' lang='lat' dir='ltr'><strong>eopia</strong></span> <span class='ocrx_word' id='word_1_113' title='bbox 716 1353 877 1397; x_wconf 83' lang='lat' dir='ltr'><strong>florum,</strong></span> <span class='ocrx_word' id='word_1_114' title='bbox 912 1353 951 1388; x_wconf 91' lang='lat' dir='ltr'><strong>in</strong></span> <span class='ocrx_word' id='word_1_115' title='bbox 983 1354 1146 1401; x_wconf 84' lang='lat' dir='ltr'><strong>spatium</strong></span> <span class='ocrx_word' id='word_1_116' title='bbox 1178 1357 1376 1402; x_wconf 80' lang='lat' dir='ltr'><strong>angustius</strong></span> <span class='ocrx_word' id='word_1_117' title='bbox 1411 1367 1559 1401; x_wconf 80' lang='lat' dir='ltr'><strong>coacta,</strong></span> 
     </span>
     <span class='ocr_line' id='line_1_18' title="bbox 186 1409 841 1456; baseline -0.011 -6"><span class='ocrx_word' id='word_1_118' title='bbox 186 1414 349 1449; x_wconf 85' lang='lat' dir='ltr'><strong>formam</strong></span> <span class='ocrx_word' id='word_1_119' title='bbox 375 1411 565 1444; x_wconf 70' lang='lat' dir='ltr'><strong>delinitam</strong></span> <span class='ocrx_word' id='word_1_120' title='bbox 590 1409 841 1456; x_wconf 82' lang='lat' dir='ltr'><strong>adipiscatur.</strong></span> 
     </span>
    </p>
   </div>
   <div class='ocr_carea' id='block_1_6' title="bbox 192 1474 1563 1689">
    <p class='ocr_par' dir='ltr' id='par_1_6' title="bbox 192 1474 1563 1689">
     <span class='ocr_line' id='line_1_19' title="bbox 278 1474 1562 1524; baseline 0.004 -13"><span class='ocrx_word' id='word_1_121' title='bbox 278 1483 321 1517; x_wconf 80' lang='lat'><strong>60</strong></span> <span class='ocrx_word' id='word_1_122' title='bbox 344 1477 514 1512; x_wconf 85' lang='lat' dir='ltr'><strong>Crista</strong></span> <span class='ocrx_word' id='word_1_123' title='bbox 539 1482 595 1510; x_wconf 88' lang='lat' dir='ltr'><strong>est</strong></span> <span class='ocrx_word' id='word_1_124' title='bbox 623 1475 701 1509; x_wconf 83' lang='lat' dir='ltr'><strong>axis</strong></span> <span class='ocrx_word' id='word_1_125' title='bbox 727 1474 928 1522; x_wconf 76' lang='lat' dir='ltr'><strong>(partialis)</strong></span> <span class='ocrx_word' id='word_1_126' title='bbox 953 1475 1180 1518; x_wconf 89' lang='lat' dir='ltr'><strong>continuus,</strong></span> <span class='ocrx_word' id='word_1_127' title='bbox 1210 1479 1471 1524; x_wconf 75' lang='lat' dir='ltr'><strong>complanatus</strong></span> <span class='ocrx_word' id='word_1_128' title='bbox 1498 1482 1562 1516; x_wconf 66' lang='lat' dir='ltr'><strong>vel</strong></span> 
     </span>
     <span class='ocr_line' id='line_1_20' title="bbox 192 1530 1560 1582; baseline -0.002 -14"><span class='ocrx_word' id='word_1_129' title='bbox 192 1534 386 1578; x_wconf 75' lang='lat' dir='ltr'><strong>trigonus,</strong></span> <span class='ocrx_word' id='word_1_130' title='bbox 414 1531 592 1577; x_wconf 81' lang='lat' dir='ltr'><strong>pagina</strong></span> <span class='ocrx_word' id='word_1_131' title='bbox 617 1530 869 1565; x_wconf 86' lang='lat' dir='ltr'><strong>inferiore</strong></span> <span class='ocrx_word' id='word_1_132' title='bbox 895 1530 1059 1577; x_wconf 77' lang='lat' dir='ltr'><strong>spiculas</strong></span> <span class='ocrx_word' id='word_1_133' title='bbox 1085 1531 1278 1566; x_wconf 81' lang='lat' dir='ltr'><strong>confertas</strong></span> <span class='ocrx_word' id='word_1_134' title='bbox 1297 1533 1471 1569; x_wconf 72' lang='lat' dir='ltr'><strong>breviter</strong></span> <span class='ocrx_word' id='word_1_135' title='bbox 1496 1548 1560 1582; x_wconf 81' lang='lat' dir='ltr'><strong>pe-</strong></span> 
     </span>
     <span class='ocr_line' id='line_1_21' title="bbox 193 1586 1563 1632; baseline 0 -9"><span class='ocrx_word' id='word_1_136' title='bbox 193 1589 385 1623; x_wconf 83' lang='lat' dir='ltr'><strong>dicellatas</strong></span> <span class='ocrx_word' id='word_1_137' title='bbox 409 1586 611 1620; x_wconf 83' lang='lat' dir='ltr'><strong>biseriales</strong></span> <span class='ocrx_word' id='word_1_138' title='bbox 637 1586 689 1620; x_wconf 87' lang='lat' dir='ltr'><strong>ita</strong></span> <span class='ocrx_word' id='word_1_139' title='bbox 714 1586 909 1625; x_wconf 82' lang='lat' dir='ltr'><strong>emittens,</strong></span> <span class='ocrx_word' id='word_1_140' title='bbox 936 1591 979 1619; x_wconf 87' lang='lat' dir='ltr'><strong>ut</strong></span> <span class='ocrx_word' id='word_1_141' title='bbox 1002 1586 1128 1632; x_wconf 84' lang='lat' dir='ltr'><strong>gluma</strong></span> <span class='ocrx_word' id='word_1_142' title='bbox 1152 1598 1280 1621; x_wconf 89' lang='lat' dir='ltr'><strong>earum</strong></span> <span class='ocrx_word' id='word_1_143' title='bbox 1299 1591 1471 1624; x_wconf 77' lang='lat' dir='ltr'><strong>exterior</strong></span> <span class='ocrx_word' id='word_1_144' title='bbox 1494 1603 1563 1626; x_wconf 87' lang='lat' dir='ltr'><strong>seu</strong></span> 
     </span>
     <span class='ocr_line' id='line_1_22' title="bbox 194 1640 996 1689; baseline -0.007 -10"><span class='ocrx_word' id='word_1_145' title='bbox 194 1644 360 1679; x_wconf 85' lang='lat' dir='ltr'><strong>inferior</strong></span> <span class='ocrx_word' id='word_1_146' title='bbox 385 1642 524 1689; x_wconf 86' lang='lat' dir='ltr'><strong>(quoad</strong></span> <span class='ocrx_word' id='word_1_147' title='bbox 547 1641 652 1682; x_wconf 78' lang='lat' dir='ltr'><strong>axin)</strong></span> <span class='ocrx_word' id='word_1_148' title='bbox 677 1640 911 1687; x_wconf 84' lang='lat' dir='ltr'><strong>superior</strong></span> <span class='ocrx_word' id='word_1_149' title='bbox 936 1640 996 1674; x_wconf 86' lang='lat' dir='ltr'><strong>sit·</strong></span> 
     </span>
    </p>
   </div>
   <div class='ocr_carea' id='block_1_7' title="bbox 195 1705 1568 1918">
    <p class='ocr_par' dir='ltr' id='par_1_7' title="bbox 195 1705 1568 1918">
     <span class='ocr_line' id='line_1_23' title="bbox 279 1705 1563 1754; baseline 0.001 -13"><span class='ocrx_word' id='word_1_150' title='bbox 279 1713 318 1747; x_wconf 91' lang='lat'><strong>70</strong></span> <span class='ocrx_word' id='word_1_151' title='bbox 343 1709 568 1741; x_wconf 81' lang='lat' dir='ltr'><strong>Racemus</strong></span> <span class='ocrx_word' id='word_1_152' title='bbox 594 1705 759 1754; x_wconf 86' lang='lat' dir='ltr'><strong>denique</strong></span> <span class='ocrx_word' id='word_1_153' title='bbox 784 1706 882 1745; x_wconf 84' lang='lat' dir='ltr'><strong>erit,</strong></span> <span class='ocrx_word' id='word_1_154' title='bbox 906 1705 973 1739; x_wconf 87' lang='lat' dir='ltr'><strong>ubi</strong></span> <span class='ocrx_word' id='word_1_155' title='bbox 997 1705 1103 1741; x_wconf 86' lang='lat' dir='ltr'><strong>axis</strong></span> <span class='ocrx_word' id='word_1_156' title='bbox 1128 1707 1332 1743; x_wconf 88' lang='lat' dir='ltr'><strong>continuus</strong></span> <span class='ocrx_word' id='word_1_157' title='bbox 1349 1736 1357 1747; x_wconf 84' lang='lat'><strong>.</strong></span> <span class='ocrx_word' id='word_1_158' title='bbox 1383 1713 1563 1746; x_wconf 81' lang='lat' dir='ltr'><strong>teretius-</strong></span> 
     </span>
     <span class='ocr_line' id='line_1_24' title="bbox 197 1760 1565 1809; baseline -0.001 -10"><span class='ocrx_word' id='word_1_159' title='bbox 197 1765 324 1805; x_wconf 81' lang='lat' dir='ltr'><strong>culus,</strong></span> <span class='ocrx_word' id='word_1_160' title='bbox 359 1763 522 1809; x_wconf 64' lang='lat' dir='ltr'><strong>spiculus</strong></span> <span class='ocrx_word' id='word_1_161' title='bbox 556 1761 705 1796; x_wconf 86' lang='lat' dir='ltr'><strong>dissitas</strong></span> <span class='ocrx_word' id='word_1_162' title='bbox 731 1761 882 1795; x_wconf 81' lang='lat' dir='ltr'><strong>sessiles</strong></span> <span class='ocrx_word' id='word_1_163' title='bbox 907 1762 969 1795; x_wconf 81' lang='lat' dir='ltr'><strong>vel</strong></span> <span class='ocrx_word' id='word_1_164' title='bbox 993 1760 1170 1795; x_wconf 86' lang='lat' dir='ltr'><strong>breviter</strong></span> <span class='ocrx_word' id='word_1_165' title='bbox 1193 1762 1440 1808; x_wconf 68' lang='lat' dir='ltr'><strong>perlicellatas</strong></span> <span class='ocrx_word' id='word_1_166' title='bbox 1466 1769 1565 1802; x_wconf 86' lang='lat' dir='ltr'><strong>uni-</strong></span> 
     </span>
     <span class='ocr_line' id='line_1_25' title="bbox 195 1811 1568 1862; baseline -0.001 -9"><span class='ocrx_word' id='word_1_167' title='bbox 195 1825 260 1854; x_wconf 87' lang='lat' dir='ltr'><strong>aut</strong></span> <span class='ocrx_word' id='word_1_168' title='bbox 285 1817 770 1852; x_wconf 83' lang='lat' dir='ltr'><strong>subunilateraliter</strong></span> <span class='ocrx_word' id='word_1_169' title='bbox 793 1811 845 1850; x_wconf 71' lang='lat' dir='ltr'><strong>iia</strong></span> <span class='ocrx_word' id='word_1_170' title='bbox 870 1815 1032 1857; x_wconf 78' lang='lat' dir='ltr'><strong>emittit,</strong></span> <span class='ocrx_word' id='word_1_171' title='bbox 1065 1823 1109 1850; x_wconf 88' lang='lat' dir='ltr'><strong>ut</strong></span> <span class='ocrx_word' id='word_1_172' title='bbox 1132 1817 1257 1862; x_wconf 85' lang='lat' dir='ltr'><strong>gluma</strong></span> <span class='ocrx_word' id='word_1_173' title='bbox 1282 1830 1411 1854; x_wconf 86' lang='lat' dir='ltr'><strong>earum</strong></span> <span class='ocrx_word' id='word_1_174' title='bbox 1439 1831 1568 1858; x_wconf 69' lang='lat' dir='ltr'><strong>exte-</strong></span> 
     </span>
     <span class='ocr_line' id='line_1_26' title="bbox 195 1869 1219 1918; baseline -0.005 -10"><span class='ocrx_word' id='word_1_175' title='bbox 195 1875 302 1908; x_wconf 86' lang='lat' dir='ltr'><strong>rior</strong></span> <span class='ocrx_word' id='word_1_176' title='bbox 327 1884 393 1907; x_wconf 85' lang='lat' dir='ltr'><strong>scu</strong></span> <span class='ocrx_word' id='word_1_177' title='bbox 418 1872 584 1906; x_wconf 81' lang='lat' dir='ltr'><strong>inferior</strong></span> <span class='ocrx_word' id='word_1_178' title='bbox 609 1869 752 1918; x_wconf 83' lang='lat' dir='ltr'><strong>(quoad</strong></span> <span class='ocrx_word' id='word_1_179' title='bbox 776 1871 876 1912; x_wconf 81' lang='lat' dir='ltr'><strong>axin)</strong></span> <span class='ocrx_word' id='word_1_180' title='bbox 901 1870 1120 1905; x_wconf 83' lang='lat' dir='ltr'><strong>inferior</strong></span> <span class='ocrx_word' id='word_1_181' title='bbox 1144 1872 1219 1907; x_wconf 88' lang='lat' dir='ltr'><strong>sit.</strong></span> 
     </span>
    </p>
   </div>
   <div class='ocr_carea' id='block_1_8' title="bbox 200 1936 1572 2205">
    <p class='ocr_par' dir='ltr' id='par_1_8' title="bbox 200 1936 1572 2205">
     <span class='ocr_line' id='line_1_27' title="bbox 283 1936 1572 1985; baseline 0.005 -13"><span class='ocrx_word' id='word_1_182' title='bbox 283 1939 337 1972; x_wconf 82' lang='lat' dir='ltr'><strong>Ex</strong></span> <span class='ocrx_word' id='word_1_183' title='bbox 362 1938 419 1971; x_wconf 83' lang='lat' dir='ltr'><strong>his</strong></span> <span class='ocrx_word' id='word_1_184' title='bbox 443 1936 749 1971; x_wconf 82' lang='lat' dir='ltr'><strong>inflorescentiae</strong></span> <span class='ocrx_word' id='word_1_185' title='bbox 763 1936 1112 1972; x_wconf 84' lang='lat' dir='ltr'><strong>modificationibus</strong></span> <span class='ocrx_word' id='word_1_186' title='bbox 1138 1937 1178 1971; x_wconf 92' lang='lat' dir='ltr'><strong>in</strong></span> <span class='ocrx_word' id='word_1_187' title='bbox 1201 1946 1331 1974; x_wconf 88' lang='lat' dir='ltr'><strong>nostra</strong></span> <span class='ocrx_word' id='word_1_188' title='bbox 1356 1944 1572 1985; x_wconf 72' lang='lat' dir='ltr'><strong>graminum.</strong></span> 
     </span>
     <span class='ocr_line' id='line_1_28' title="bbox 200 1991 1567 2041; baseline 0.003 -13"><span class='ocrx_word' id='word_1_189' title='bbox 200 1993 438 2041; x_wconf 81' lang='lat' dir='ltr'><strong>expositione</strong></span> <span class='ocrx_word' id='word_1_190' title='bbox 472 1992 642 2038; x_wconf 85' lang='lat' dir='ltr'><strong>prior,</strong></span> <span class='ocrx_word' id='word_1_191' title='bbox 686 1999 724 2027; x_wconf 86' lang='lat' dir='ltr'><strong>et</strong></span> <span class='ocrx_word' id='word_1_192' title='bbox 757 1991 1000 2027; x_wconf 82' lang='lat' dir='ltr'><strong>secundae</strong></span> <span class='ocrx_word' id='word_1_193' title='bbox 1031 1993 1240 2040; x_wconf 86' lang='lat' dir='ltr'><strong>pleraeque</strong></span> <span class='ocrx_word' id='word_1_194' title='bbox 1284 1995 1452 2037; x_wconf 74' lang='lat' dir='ltr'><strong>formae,</strong></span> <span class='ocrx_word' id='word_1_195' title='bbox 1489 2006 1567 2033; x_wconf 88' lang='lat' dir='ltr'><strong>tum</strong></span> 
     </span>
     <span class='ocr_line' id='line_1_29' title="bbox 200 2047 1568 2100; baseline 0 -19"><span class='ocrx_word' id='word_1_196' title='bbox 200 2050 310 2085; x_wconf 82' lang='lat' dir='ltr'><strong>etiam</strong></span> <span class='ocrx_word' id='word_1_197' title='bbox 337 2049 520 2082; x_wconf 80' lang='lat' dir='ltr'><strong>cristae</strong></span> <span class='ocrx_word' id='word_1_198' title='bbox 547 2054 585 2081; x_wconf 85' lang='lat' dir='ltr'><strong>et</strong></span> <span class='ocrx_word' id='word_1_199' title='bbox 609 2048 787 2081; x_wconf 77' lang='lat' dir='ltr'><strong>racemi</strong></span> <span class='ocrx_word' id='word_1_200' title='bbox 821 2047 1028 2082; x_wconf 84' lang='lat' dir='ltr'><strong>Trinianae</strong></span> <span class='ocrx_word' id='word_1_201' title='bbox 1052 2048 1245 2088; x_wconf 79' lang='lat' dir='ltr'><strong>methodi,</strong></span> <span class='ocrx_word' id='word_1_202' title='bbox 1272 2050 1310 2083; x_wconf 88' lang='lat' dir='ltr'><strong>in</strong></span> <span class='ocrx_word' id='word_1_203' title='bbox 1337 2052 1475 2097; x_wconf 70' lang='lat' dir='ltr'><strong>quihus</strong></span> <span class='ocrx_word' id='word_1_204' title='bbox 1503 2066 1568 2100; x_wconf 86' lang='lat' dir='ltr'><strong>pe-</strong></span> 
     </span>
     <span class='ocr_line' id='line_1_30' title="bbox 202 2101 1570 2152; baseline 0.002 -13"><span class='ocrx_word' id='word_1_205' title='bbox 202 2102 332 2139; x_wconf 83' lang='lat' dir='ltr'><strong>dicelli</strong></span> <span class='ocrx_word' id='word_1_206' title='bbox 358 2102 524 2148; x_wconf 83' lang='lat' dir='ltr'><strong>spiculae</strong></span> <span class='ocrx_word' id='word_1_207' title='bbox 551 2102 733 2149; x_wconf 82' lang='lat' dir='ltr'><strong>cujusque</strong></span> <span class='ocrx_word' id='word_1_208' title='bbox 759 2101 953 2137; x_wconf 86' lang='lat' dir='ltr'><strong>dimidiam</strong></span> <span class='ocrx_word' id='word_1_209' title='bbox 967 2102 1242 2149; x_wconf 82' lang='lat' dir='ltr'><strong>longitudinem</strong></span> <span class='ocrx_word' id='word_1_210' title='bbox 1267 2117 1344 2139; x_wconf 90' lang='lat' dir='ltr'><strong>non</strong></span> <span class='ocrx_word' id='word_1_211' title='bbox 1371 2106 1570 2152; x_wconf 74' lang='lat' dir='ltr'><strong>excedunt,</strong></span> 
     </span>
     <span class='ocr_line' id='line_1_31' title="bbox 204 2156 812 2205; baseline -0.007 -13"><span class='ocrx_word' id='word_1_212' title='bbox 204 2158 368 2205; x_wconf 82' lang='lat' dir='ltr'><strong>spicae</strong></span> <span class='ocrx_word' id='word_1_213' title='bbox 394 2159 546 2191; x_wconf 86' lang='lat' dir='ltr'><strong>nomine</strong></span> <span class='ocrx_word' id='word_1_214' title='bbox 571 2156 812 2190; x_wconf 78' lang='lat' dir='ltr'><strong>exhibentur.</strong></span> 
     </span>
    </p>
   </div>
   <div class='ocr_carea' id='block_1_9' title="bbox 202 2220 1573 2490">
    <p class='ocr_par' dir='ltr' id='par_1_9' title="bbox 202 2220 1573 2490">
     <span class='ocr_line' id='line_1_32' title="bbox 287 2220 1570 2274; baseline 0.001 -18"><span class='ocrx_word' id='word_1_215' title='bbox 287 2224 516 2258; x_wconf 78' lang='lat' dir='ltr'><strong>Raccmus</strong></span> <span class='ocrx_word' id='word_1_216' title='bbox 538 2222 651 2257; x_wconf 86' lang='lat' dir='ltr'><strong>nobis</strong></span> <span class='ocrx_word' id='word_1_217' title='bbox 675 2220 912 2264; x_wconf 78' lang='lat' dir='ltr'><strong>admittitur,</strong></span> <span class='ocrx_word' id='word_1_218' title='bbox 954 2222 1177 2270; x_wconf 86' lang='lat' dir='ltr'><strong>ubicunque</strong></span> <span class='ocrx_word' id='word_1_219' title='bbox 1200 2224 1407 2270; x_wconf 82' lang='lat' dir='ltr'><strong>pedicelli,</strong></span> <span class='ocrx_word' id='word_1_220' title='bbox 1443 2230 1570 2274; x_wconf 80' lang='lat' dir='ltr'><strong>spicu-</strong></span> 
     </span>
     <span class='ocr_line' id='line_1_33' title="bbox 203 2278 1567 2330; baseline 0.003 -16"><span class='ocrx_word' id='word_1_221' title='bbox 203 2278 262 2314; x_wconf 83' lang='lat' dir='ltr'><strong>lae</strong></span> <span class='ocrx_word' id='word_1_222' title='bbox 277 2278 557 2323; x_wconf 84' lang='lat' dir='ltr'><strong>longitudinem</strong></span> <span class='ocrx_word' id='word_1_223' title='bbox 576 2278 855 2324; x_wconf 79' lang='lat' dir='ltr'><strong>subaequantes</strong></span> <span class='ocrx_word' id='word_1_224' title='bbox 882 2279 942 2311; x_wconf 68' lang='lat' dir='ltr'><strong>vel</strong></span> <span class='ocrx_word' id='word_1_225' title='bbox 968 2286 1216 2325; x_wconf 79' lang='lat' dir='ltr'><strong>superantes,</strong></span> <span class='ocrx_word' id='word_1_226' title='bbox 1243 2281 1374 2315; x_wconf 82' lang='lat' dir='ltr'><strong>rhachi</strong></span> <span class='ocrx_word' id='word_1_227' title='bbox 1394 2284 1567 2330; x_wconf 74' lang='lat' dir='ltr'><strong>integrae</strong></span> 
     </span>
     <span class='ocr_line' id='line_1_34' title="bbox 207 2332 1569 2380; baseline 0.001 -13"><span class='ocrx_word' id='word_1_228' title='bbox 207 2334 232 2367; x_wconf 94' lang='lat' dir='ltr'><strong>i.</strong></span> <span class='ocrx_word' id='word_1_229' title='bbox 259 2344 292 2367; x_wconf 84' lang='lat' dir='ltr'><strong>e.</strong></span> <span class='ocrx_word' id='word_1_230' title='bbox 319 2333 365 2367; x_wconf 88' lang='lat' dir='ltr'><strong>ad</strong></span> <span class='ocrx_word' id='word_1_231' title='bbox 391 2334 537 2380; x_wconf 83' lang='lat' dir='ltr'><strong>apicem</strong></span> <span class='ocrx_word' id='word_1_232' title='bbox 562 2345 682 2380; x_wconf 87' lang='lat' dir='ltr'><strong>usque</strong></span> <span class='ocrx_word' id='word_1_233' title='bbox 708 2332 758 2366; x_wconf 90' lang='lat' dir='ltr'><strong>ob</strong></span> <span class='ocrx_word' id='word_1_234' title='bbox 784 2332 990 2367; x_wconf 79' lang='lat' dir='ltr'><strong>crassitiem</strong></span> <span class='ocrx_word' id='word_1_235' title='bbox 1017 2334 1188 2368; x_wconf 78' lang='lat' dir='ltr'><strong>eximiam</strong></span> <span class='ocrx_word' id='word_1_236' title='bbox 1211 2346 1232 2368; x_wconf 88' lang='lat' dir='ltr'><strong>a</strong></span> <span class='ocrx_word' id='word_1_237' title='bbox 1255 2338 1368 2370; x_wconf 85' lang='lat' dir='ltr'><strong>ramis</strong></span> <span class='ocrx_word' id='word_1_238' title='bbox 1394 2340 1472 2371; x_wconf 80' lang='lat' dir='ltr'><strong>suis</strong></span> <span class='ocrx_word' id='word_1_239' title='bbox 1497 2339 1569 2374; x_wconf 82' lang='lat' dir='ltr'><strong>(lis.</strong></span> 
     </span>
     <span class='ocr_line' id='line_1_35' title="bbox 202 2386 1570 2438; baseline 0.007 -18"><span class='ocrx_word' id='word_1_240' title='bbox 202 2388 458 2433; x_wconf 69' lang='lat' dir='ltr'><strong>tinguendae,</strong></span> <span class='ocrx_word' id='word_1_241' title='bbox 496 2388 769 2429; x_wconf 81' lang='lat' dir='ltr'><strong>innascuntur,</strong></span> <span class='ocrx_word' id='word_1_242' title='bbox 821 2386 1030 2431; x_wconf 72' lang='lat' dir='ltr'><strong>cujusmodi</strong></span> <span class='ocrx_word' id='word_1_243' title='bbox 1068 2396 1155 2424; x_wconf 87' lang='lat' dir='ltr'><strong>sunt</strong></span> <span class='ocrx_word' id='word_1_244' title='bbox 1191 2390 1398 2426; x_wconf 84' lang='lat' dir='ltr'><strong>caducei</strong></span> <span class='ocrx_word' id='word_1_245' title='bbox 1442 2396 1570 2438; x_wconf 82' lang='lat' dir='ltr'><strong>pauci,</strong></span> 
     </span>
     <span class='ocr_line' id='line_1_36' title="bbox 206 2443 1573 2490; baseline 0.001 -13"><span class='ocrx_word' id='word_1_246' title='bbox 206 2444 394 2477; x_wconf 87' lang='lat' dir='ltr'><strong>cristae</strong></span> <span class='ocrx_word' id='word_1_247' title='bbox 420 2450 455 2477; x_wconf 84' lang='lat' dir='ltr'><strong>et</strong></span> <span class='ocrx_word' id='word_1_248' title='bbox 480 2444 660 2477; x_wconf 87' lang='lat' dir='ltr'><strong>racemi</strong></span> <span class='ocrx_word' id='word_1_249' title='bbox 693 2443 848 2490; x_wconf 75' lang='lat' dir='ltr'><strong>plureS,</strong></span> <span class='ocrx_word' id='word_1_250' title='bbox 889 2443 974 2490; x_wconf 83' lang='lat' dir='ltr'><strong>(qui</strong></span> <span class='ocrx_word' id='word_1_251' title='bbox 999 2443 1111 2478; x_wconf 87' lang='lat' dir='ltr'><strong>nobis</strong></span> <span class='ocrx_word' id='word_1_252' title='bbox 1135 2447 1277 2480; x_wconf 84' lang='lat' dir='ltr'><strong>racemi</strong></span> <span class='ocrx_word' id='word_1_253' title='bbox 1304 2448 1460 2481; x_wconf 78' lang='lat' dir='ltr'><strong>secundi</strong></span> <span class='ocrx_word' id='word_1_254' title='bbox 1488 2450 1573 2488; x_wconf 68' lang='lat' dir='ltr'><strong>sim·</strong></span> 
     </span>
    </p>
   </div>
   <div class='ocr_carea' id='block_1_10' title="bbox 208 2498 1572 2599">
    <p class='ocr_par' dir='ltr' id='par_1_10' title="bbox 208 2498 1572 2599">
     <span class='ocr_line' id='line_1_37' title="bbox 208 2498 1572 2545; baseline 0.007 -14"><span class='ocrx_word' id='word_1_255' title='bbox 208 2498 366 2544; x_wconf 86' lang='lat' dir='ltr'><strong>plices),</strong></span> <span class='ocrx_word' id='word_1_256' title='bbox 400 2506 476 2532; x_wconf 76' lang='lat' dir='ltr'><strong>tuin</strong></span> <span class='ocrx_word' id='word_1_257' title='bbox 510 2499 773 2544; x_wconf 85' lang='lat' dir='ltr'><strong>paniculae</strong></span> <span class='ocrx_word' id='word_1_258' title='bbox 806 2509 960 2545; x_wconf 84' lang='lat' dir='ltr'><strong>quoque</strong></span> <span class='ocrx_word' id='word_1_259' title='bbox 998 2506 1037 2534; x_wconf 85' lang='lat' dir='ltr'><strong>et</strong></span> <span class='ocrx_word' id='word_1_260' title='bbox 1067 2498 1238 2544; x_wconf 86' lang='lat' dir='ltr'><strong>jubae,</strong></span> <span class='ocrx_word' id='word_1_261' title='bbox 1275 2502 1423 2535; x_wconf 84' lang='lat' dir='ltr'><strong>ramis</strong></span> <span class='ocrx_word' id='word_1_262' title='bbox 1457 2508 1572 2541; x_wconf 78' lang='lat' dir='ltr'><strong>iute-</strong></span> 
     </span>
     <span class='ocr_line' id='line_1_38' title="bbox 213 2553 553 2599; baseline 0.006 -13"><span class='ocrx_word' id='word_1_263' title='bbox 213 2553 316 2599; x_wconf 84' lang='lat' dir='ltr'><strong>gris</strong></span> <span class='ocrx_word' id='word_1_264' title='bbox 340 2553 553 2599; x_wconf 83' lang='lat' dir='ltr'><strong>praeditae.</strong></span> 
     </span>
    </p>
   </div>
   <div class='ocr_carea' id='block_1_11' title="bbox 213 2617 1574 2777">
    <p class='ocr_par' dir='ltr' id='par_1_11' title="bbox 213 2617 1574 2777">
     <span class='ocr_line' id='line_1_39' title="bbox 295 2617 1571 2666; baseline 0.007 -16"><span class='ocrx_word' id='word_1_265' title='bbox 295 2618 566 2654; x_wconf 85' lang='lat' dir='ltr'><strong>Paniculae</strong></span> <span class='ocrx_word' id='word_1_266' title='bbox 591 2625 629 2653; x_wconf 86' lang='lat' dir='ltr'><strong>et</strong></span> <span class='ocrx_word' id='word_1_267' title='bbox 654 2617 821 2663; x_wconf 73' lang='lat' dir='ltr'><strong>jubae,</strong></span> <span class='ocrx_word' id='word_1_268' title='bbox 846 2629 1006 2666; x_wconf 87' lang='lat' dir='ltr'><strong>quarum</strong></span> <span class='ocrx_word' id='word_1_269' title='bbox 1027 2619 1119 2653; x_wconf 86' lang='lat' dir='ltr'><strong>rami</strong></span> <span class='ocrx_word' id='word_1_270' title='bbox 1137 2619 1175 2654; x_wconf 86' lang='lat' dir='ltr'><strong>in</strong></span> <span class='ocrx_word' id='word_1_271' title='bbox 1199 2620 1368 2656; x_wconf 81' lang='lat' dir='ltr'><strong>ramulos</strong></span> <span class='ocrx_word' id='word_1_272' title='bbox 1393 2622 1415 2655; x_wconf 84' lang='lat' dir='ltr'><strong>d</strong></span> <span class='ocrx_word' id='word_1_273' title='bbox 1433 2623 1571 2659; x_wconf 83' lang='lat' dir='ltr'><strong>issol-</strong></span> 
     </span>
     <span class='ocr_line' id='line_1_40' title="bbox 213 2673 1573 2728; baseline 0.007 -22"><span class='ocrx_word' id='word_1_274' title='bbox 213 2679 416 2709; x_wconf 78' lang='lat' dir='ltr'><strong>vuntur,</strong></span> <span class='ocrx_word' id='word_1_275' title='bbox 446 2673 711 2719; x_wconf 86' lang='lat' dir='ltr'><strong>paniculae</strong></span> <span class='ocrx_word' id='word_1_276' title='bbox 747 2685 769 2708; x_wconf 85' lang='lat' dir='ltr'><strong>a</strong></span> <span class='ocrx_word' id='word_1_277' title='bbox 800 2673 912 2708; x_wconf 88' lang='lat' dir='ltr'><strong>nobis</strong></span> <span class='ocrx_word' id='word_1_278' title='bbox 948 2675 1215 2721; x_wconf 77' lang='lat' dir='ltr'><strong>appellantur5</strong></span> <span class='ocrx_word' id='word_1_279' title='bbox 1253 2682 1289 2709; x_wconf 90' lang='lat' dir='ltr'><strong>et</strong></span> <span class='ocrx_word' id='word_1_280' title='bbox 1324 2689 1573 2728; x_wconf 84' lang='lat' dir='ltr'><strong>quaecunque</strong></span> 
     </span>
     <span class='ocr_line' id='line_1_41' title="bbox 216 2726 1574 2777; baseline 0.006 -17"><span class='ocrx_word' id='word_1_281' title='bbox 216 2738 343 2761; x_wconf 88' lang='lat' dir='ltr'><strong>earum</strong></span> <span class='ocrx_word' id='word_1_282' title='bbox 380 2726 624 2762; x_wconf 86' lang='lat' dir='ltr'><strong>densioribus</strong></span> <span class='ocrx_word' id='word_1_283' title='bbox 655 2728 768 2763; x_wconf 86' lang='lat' dir='ltr'><strong>ramis</strong></span> <span class='ocrx_word' id='word_1_284' title='bbox 801 2735 838 2763; x_wconf 86' lang='lat' dir='ltr'><strong>et</strong></span> <span class='ocrx_word' id='word_1_285' title='bbox 871 2729 1026 2764; x_wconf 81' lang='lat' dir='ltr'><strong>ramulis</strong></span> <span class='ocrx_word' id='word_1_286' title='bbox 1051 2736 1255 2776; x_wconf 84' lang='lat' dir='ltr'><strong>teguntur,</strong></span> <span class='ocrx_word' id='word_1_287' title='bbox 1280 2732 1342 2764; x_wconf 75' lang='lat' dir='ltr'><strong>vel</strong></span> <span class='ocrx_word' id='word_1_288' title='bbox 1369 2733 1574 2777; x_wconf 75' lang='lat' dir='ltr'><strong>thyrsoi-</strong></span> 
     </span>
    </p>
   </div>
   <div class='ocr_carea' id='block_1_12' title="bbox 214 2780 1572 2884">
    <p class='ocr_par' dir='ltr' id='par_1_12' title="bbox 214 2780 1572 2884">
     <span class='ocr_line' id='line_1_42' title="bbox 214 2780 1572 2833; baseline 0.009 -19"><span class='ocrx_word' id='word_1_289' title='bbox 214 2780 332 2817; x_wconf 86' lang='lat' dir='ltr'><strong>deae</strong></span> <span class='ocrx_word' id='word_1_290' title='bbox 366 2783 429 2816; x_wconf 84' lang='lat' dir='ltr'><strong>vel</strong></span> <span class='ocrx_word' id='word_1_291' title='bbox 463 2783 787 2829; x_wconf 79' lang='lat' dir='ltr'><strong>spiciformes</strong></span> <span class='ocrx_word' id='word_1_292' title='bbox 826 2783 1012 2830; x_wconf 77' lang='lat' dir='ltr'><strong>audiunt,</strong></span> <span class='ocrx_word' id='word_1_293' title='bbox 1051 2796 1148 2833; x_wconf 81' lang='lat' dir='ltr'><strong>quos</strong></span> <span class='ocrx_word' id='word_1_294' title='bbox 1182 2784 1384 2832; x_wconf 68' lang='lat' dir='ltr'><strong>thyrsos</strong></span> <span class='ocrx_word' id='word_1_295' title='bbox 1417 2789 1572 2826; x_wconf 86' lang='lat' dir='ltr'><strong>Trinius</strong></span> 
     </span>
     <span class='ocr_line' id='line_1_43' title="bbox 214 2843 419 2884; baseline 0.005 -13"><span class='ocrx_word' id='word_1_296' title='bbox 214 2843 419 2884; x_wconf 82' lang='lat' dir='ltr'><strong>nuncupat.</strong></span> 
     </span>
    </p>
   </div>
  </div>
 </body>
</html>
