1788 3183
219 153 302 196 188
705 149 987 190 Gnammmr..
1047 149 1269 189 Paucum.

221 270 478 317 Flosculus
502 269 708 316 inferior
741 270 985 316 masculus
1020 270 1095 315 vel
1128 281 1322 323 neuter,
1359 270 1499 324 uni-7
1549 269 1621 315 vel
1655 269 1727 315 hi-

225 336 389 383 valvis.
461 335 698 399 Superior
729 335 886 398 qualis
913 335 962 380 in
990 335 1296 381 antecedenti
1334 335 1565 380 sectione.

361 431 628 493 Pleraeque
673 430 816 493 hujus
861 430 1095 476 sectionis
1144 430 1333 493 species
1379 430 1632 476 teneritate
1685 441 1732 475 et

226 497 498 560 gracilitate
535 494 680 542 culmi
703 507 750 541 et
780 496 1037 557 paniculae
1065 496 1303 556 insignes,
1352 495 1444 539 alia
1489 495 1731 557 rigiditate

224 563 434 626 quadam
484 561 695 624 partium
738 562 800 607 ad
851 561 1200 623 praecedentes
1262 560 1514 606 accedunt.
1593 559 1731 606 Folia

224 627 393 691 paucis
435 626 558 682 lata,
618 625 1010 690 amplexicaulia,
1070 626 1318 689 plerisque
1357 637 1584 687 angusta,
1631 625 1729 672 sor·

221 709 330 738 mae
361 691 656 747 communis,
704 691 780 737 vel
824 692 969 737 etiam
1003 691 1247 736 filisormia
1277 702 1424 754 atque
1459 702 1666 738 setaeea.

340 787 485 828 Genus
509 785 714 825 Panicum
740 794 961 825 auctorum
986 785 1230 826 citatorum.

337 872 518 926 Species
541 871 694 912 Brasil.
726 885 793 925 29.
818 873 899 925 (sp.
923 870 1146 925 68-96.)

329 958 356 993 S
368 971 387 1004 y
399 970 422 992 n
433 969 455 992 o
468 970 492 1004 p
506 957 571 991 sis
588 969 597 990 :

310 1032 348 1074 a)
376 1031 623 1076 lsocalycina,
650 1043 718 1067 seu
736 1030 872 1076 glumis
884 1031 1120 1077 aequalibus.
1149 1030 1306 1077 Species
1320 1029 1416 1065 duae
1434 1029 1605 1076 cognitae
1621 1038 1732 1062 arun.

217 1075 422 1119 dfflaceae,
450 1077 555 1112 foliis
582 1076 718 1123 rigidis
746 1076 1148 1112 lineari-lanceolatis
1182 1075 1533 1124 glaucescenssbus,
1572 1073 1729 1121 spiculis

217 1123 348 1170 parvis
376 1122 569 1171 oblongis.

315 1203 476 1251 Species
504 1203 645 1238 Brasil.
671 1207 706 1240 2.
736 1202 806 1249 (sp-
830 1204 1008 1245 68—69.)

309 1286 399 1328 His,
426 1286 477 1320 ob
509 1285 652 1331 glumas
688 1284 940 1332 subaequales
970 1284 1158 1320 accedunt
1191 1286 1369 1320 Panica
1403 1287 1464 1319 Tu
1479 1282 1619 1328 rgida
1646 1280 1730 1316 sub-

218 1330 421 1366 divisionis
441 1331 492 1373 1³13
509 1332 570 1372 Η,
603 1329 737 1364 habitu
767 1337 803 1364 ct
832 1331 988 1377 spiculis
1022 1335 1127 1376 quasi
1158 1332 1295 1365 inflatis
1316 1331 1404 1365 satis
1432 1329 1626 1371 distincta3
1655 1334 1731 1360 tum

217 1398 313 1420 vero
338 1386 377 1419 iu
402 1386 573 1430 ejusdem
596 1383 874 1420 subdivisionis
901 1386 1082 1420 subtribu
1109 1389 1204 1421 Ten
1220 1387 1260 1419 el
1277 1387 1284 1419 l
1301 1399 1434 1420 orum
1461 1386 1511 1429 bss·
1538 1386 1619 1403 *³²³³*
1647 1395 1730 1429 spe-

214 1441 293 1477 cies
314 1441 496 1488 quasdam
516 1440 704 1481 invenies,
729 1452 840 1474 unam
860 1442 1087 1487 praesertim
1110 1444 1151 1476 P.
1179 1448 1454 1476 truncatum
1477 1440 1612 1481 nobis,
1638 1450 1732 1473 vere

217 1487 481 1530 isocaiycinas,
506 1485 573 1521 sed
594 1497 655 1520 eas
672 1491 752 1519 tota
772 1486 918 1520 fabrica
941 1488 1109 1521 Tenellis
1136 1487 1231 1520 adeo
1253 1487 1540 1526 convenientes,
1566 1493 1609 1518 ut
1624 1496 1729 1535 sepa-

216 1533 298 1566 rari
339 1533 474 1566 illaeso
504 1531 670 1565 naturali
708 1529 845 1566 ordine
883 1539 1090 1578 nequeant.
1139 1533 1260 1565 Etiam
1293 1532 1393 1566 inter
1425 1531 1605 1565 Panica
1630 1532 1728 1564 Tri.

216 1579 308 1612 cho
325 1577 431 1612 idea
457 1574 670 1617 (subu-ihus
689 1574 740 1611 be
766 1575 842 1618 *³³7
870 1576 1053 1623 quaedam
1078 1585 1164 1610 sunt
1191 1577 1359 1623 species,
1386 1575 1451 1611 sed
1467 1587 1533 1610 eae
1558 1587 1577 1609 a
1598 1582 1731 1609 nostra

217 1632 336 1667 Flora
359 1633 532 1673 alienae,
560 1642 658 1680 quae
686 1630 812 1674 calyce
838 1632 1063 1680 subaequali
1089 1632 1292 1678 gaudeant.

303 1698 351 1737 h)
377 1698 691 1743 Anisocalycina‚
710 1698 841 1744 'gluma
868 1698 1044 1733 inferiori
1069 1699 1274 1745 superiore
1298 1699 1429 1733 saltem
1456 1704 1591 1744 quarta
1618 1702 1727 1741 parte

213 1742 403 1777 breviori.
452 1744 616 1778 Habitus
651 1755 723 1789 pro
754 1744 913 1791 singulis
948 1744 1280 1779 subdivismnihus
1316 1743 1504 1778 diversus.
1538 1761 1580 1766 —
1613 1743 1726 1787 Spee.

216 1788 357 1822 Brasil.
382 1793 439 1824 27.
463 1792 534 1834 (sp.
556 1790 738 1831 70—96-)

328 1860 365 1881 α.
398 1852 582 1887 Panicula
607 1861 825 1890 contracta,
851 1853 1011 1899 simplex
1031 1855 1091 1889 vel
1118 1852 1402 1899 decomposita3
1429 1853 1597 1899 spiculae
1616 1851 1727 1886 obtu-

217 1908 280 1934 sae
296 1923 304 1937 ‚
329 1898 487 1944 glabrae
504 1922 514 1939 ‚
542 1898 638 1932 folia
674 1906 854 1945 angusta:

307 1963 631 1999 Melicoidea.
682 1969 754 2011 (sp.
780 1965 962 2008 70—71.)

329 2028 366 2060 β·
398 2030 582 2064 Panicula
613 2031 699 2075 plus
721 2031 897 2066 minusve
927 2037 1062 2078 patens
1078 2056 1087 2074 ‚
1126 2029 1334 2065 divaricata
1359 2030 1423 2064 vel
1447 2030 1643 2077 capillati·
1661 2029 1729 2064 dif-

216 2076 298 2110 fusa
319 2077 422 2109 laxa:
450 2076 524 2121 (sp.
542 2077 720 2118 72—96.)

302 2144 321 2162 *ἒ
343 2140 548 2176 Paniculae
578 2142 909 2187 erecto-patentis
943 2143 1080 2182 ramis,
1121 2142 1278 2176 ramulis
1315 2147 1351 2175 et
1379 2140 1608 2187 pedunculis
1639 2143 1728 2189 rigi-

212 2185 313 2221 dulis
349 2186 557 2232 elongatis,
592 2185 822 2231 pedunculis
852 2186 1123 2228 subunissoris,
1152 2187 1286 2234 glumis
1319 2185 1577 2234 magnitudine
1605 2188 1728 2222 minus

213 2230 380 2266 diversis
404 2231 524 2265 acutis
551 2232 614 2265 vel
641 2233 900 2265 mucronatis:

305 2297 547 2343 Scoparia
571 2303 609 2331 et
633 2297 884 2331 Miliacea.
911 2296 986 2343 (sp.
1011 2298 1197 2340 72-75.)

302 2363 344 2383 *θ’
368 2362 576 2398 Paniculae
592 2365 758 2409 patentis
777 2363 839 2397 vel
858 2362 1091 2397 divaricatae
1114 2363 1228 2397 ramis
1243 2362 1508 2396 validiusculis
1531 2362 1726 2406 flexuosis,
1757 2362 1762 2366 ’

210 2407 441 2454 pedunculis
464 2408 650 2442 brevibus
672 2408 821 2442 bissoris
837 2435 845 2446 ,
883 2409 1041 2454 spiculis
1071 2408 1236 2456 turgidis
1264 2406 1566 2455 grandiusculis,
1603 2409 1727 2455 gluma

213 2453 407 2490 inferiore
433 2451 648 2495 mediocri,
675 2453 781 2487 foliis
805 2452 1032 2487 latioribus:

307 2517 534 2564 Turgida.
559 2520 630 2564 (sp.
653 2521 829 2559 76——78-)

302 2586 364 2606 “³⁸²⁴
388 2585 590 2619 Panieulae
616 2584 781 2630 patentis
812 2585 925 2618 ramis
951 2583 993 2626 (a
1020 2583 1102 2618 basi
1137 2582 1287 2625 divisis)
1317 2584 1568 2630 capillaribus
1604 2584 1727 2619 multi-

212 2628 318 2672 fidis,
345 2630 590 2672 munitioris,
618 2629 779 2675 spiculis
798 2629 954 2663 minutis
977 2630 1178 2673 juventute
1199 2630 1365 2675 glabris,
1395 2636 1518 2663 aetate
1553 2629 1726 2663 minutim

211 2675 542 2719 pubescentibus,
565 2676 688 2721 gluina
714 2673 903 2708 inferiore
927 2675 964 2707 in
993 2674 1077 2708 aliis
1103 2681 1260 2717 angusta
1289 2673 1516 2708 subdimidia
1536 2699 1546 2714 ,
1582 2675 1619 2706 in
1642 2675 1725 2709 aliis
1766 2708 1781 2719 Ι

214 2720 408 2765 (panicula
438 2719 676 2766 subsimplici
701 2718 972 2764 gaudentibus)
1001 2719 1085 2753 fere
1116 2720 1246 2760 nulla,
1299 2720 1424 2753 culmo
1454 2719 1534 2752 basi
1563 2726 1724 2765 repente

215 2776 389 2806 ramoso,
417 2764 523 2798 foliis
547 2763 733 2798 brevibus
757 2763 974 2798 latioribus.
1023 2764 1067 2799 ln
1087 2764 1192 2808 aliis,
1220 2763 1277 2799 his
1301 2762 1596 2806 accedentibus,
1620 2763 1725 2810 pani-

219 2811 303 2845 cula
326 2809 586 2856 depauperata
612 2816 667 2843 est
689 2815 726 2843 et
747 2807 1002 2854 subsimplex:

306 2873 604 2912 Trichodea.
630 2874 708 2922 (sp.
729 2875 903 2919 79—85.)
