1788 3183
273 206 557 246 Gnimmnan.
617 204 906 246 Onsnnvmo
936 219 1257 248 cnocnarmca.
1464 208 1551 252 547

47 323 90 363 in
120 324 371 377 provinciae
401 325 613 365 Minarum
643 325 864 366 districtus
896 323 1106 364 Comarca
1148 325 1202 364 do
1249 325 1367 366 Ouro
1414 336 1540 381 prelo

45 388 88 420 et
137 379 191 418 do
235 379 361 419 Ser-ro
406 379 502 419 Frio
544 381 703 434 majore
735 391 855 435 parte
885 396 931 422 se
962 382 1112 431 habet3
1149 391 1297 422 contra
1337 384 1380 422 in
1422 395 1544 437 parte

46 436 538 484 australi-occidentali,
592 438 645 476 ad
696 441 1034 490 Megapotamum
1084 448 1287 491 vergente
1332 449 1456 494 atque
1500 442 1545 480 in

44 504 216 543 campos
251 505 432 543 pascuos
462 494 504 531 S.
536 493 658 531 Pauli
697 495 902 539 abeunte,
954 494 1036 533 etsi
1073 495 1174 533 1800
1206 504 1247 534 et
1274 495 1404 535 immo
1436 510 1545 537 2000

45 561 171 600 snpra
211 561 327 585 mare
374 548 503 600 pedes
534 549 720 596 elevata,
766 549 991 589 latioribus
1023 550 1136 602 jugis
1162 550 1398 590 collibusve
1429 552 1546 591 inae-

49 602 184 657 quali,
237 611 437 642 numerus
487 605 749 657 graminum,
810 605 974 644 ratione
1015 606 1275 660 reliquarum
1316 606 1546 646 herbarum

52 666 254 711 augetur,
298 668 341 697 et
378 660 467 712 agri
511 660 701 712 caespite
750 661 969 713 gramineo
1017 670 1241 714 teguntur,
1295 662 1358 700 illi
1400 663 1546 712 simili,

49 728 134 769 quo
176 714 383 753 nostratia
428 725 544 768 prata
585 716 700 754 arida
736 716 947 769 gaudent,
993 717 1078 755 nisi
1120 717 1230 770 quod
1262 717 1366 757 haec
1397 733 1548 772 super-

54 770 169 809 biant
193 770 454 822 graminibus
475 772 773 817 evectioribus,
806 772 910 811 duos
943 782 1081 811 tresve
1105 773 1239 824 pedes
1269 773 1364 813 altis
1392 775 1552 813 minus-

53 839 136 880 que
165 825 340 878 glabriS.
410 829 527 865 Haec
564 828 700 866 omnis
743 828 1051 867 Graminum
1103 828 1384 868 Oreadum
1424 831 1548 884 regio

51 881 208 934 tropici
249 880 361 920 coeli
407 882 777 922 vicissitudinibus
821 892 1053 923 recreatur.
1124 885 1237 925 Vere
1277 899 1458 938 nempe,
1504 885 1549 924 id

53 947 120 976 est
148 937 365 976 mensibus
386 937 599 986 Octobri,
632 938 885 985 Novembri,
918 938 1177 985 Decembri,
1209 940 1424 993 plusculae
1455 941 1550 994 plu-

50 994 144 1034 viae
185 1005 237 1032 ac
273 993 562 1046 copiosissimi
593 1008 716 1033 rores
747 994 1061 1047 vegetationem
1091 996 1243 1035 laetam
1273 996 1547 1051 celeremque

53 1058 338 1103 promovent,
380 1059 644 1102 augeturque
686 1049 793 1088 mire
836 1050 1173 1098 incrementum,
1217 1067 1342 1106 quum
1376 1053 1548 1099 imbres,

53 1119 133 1159 per
160 1118 351 1143 mensem
379 1105 655 1144 Februarium
673 1104 766 1144 fere
789 1106 1006 1154 continui,
1039 1106 1280 1146 succedunt.
1338 1110 1429 1147 Jam
1461 1111 1550 1147 De-

53 1160 219 1201 cembri
252 1174 397 1199 mense
428 1160 613 1200 anthesis
642 1160 793 1200 horum
825 1162 1058 1214 graminum
1092 1162 1266 1214 incipit,
1312 1164 1549 1203 Februario

55 1218 299 1269 Martioque
329 1216 496 1256 culmen
527 1217 720 1270 attingit3
769 1230 912 1255 mense
941 1218 1093 1264 Junio,
1135 1233 1218 1271 quo
1250 1219 1407 1258 siccior
1439 1220 1549 1259 aeris

53 1271 250 1312 conditio
281 1272 505 1319 increscit,
536 1273 719 1325 primum
749 1270 1004 1312 flaccescere
1035 1273 1273 1324 incipiunt,
1303 1275 1418 1314 Julio
1446 1288 1550 1314 vero

58 1337 102 1368 et
144 1329 335 1382 Augusto
377 1337 464 1367 tota
508 1329 632 1381 regio
670 1330 943 1367 stramineum
991 1329 1180 1368 colorem
1226 1330 1393 1378 induit,
1432 1330 1553 1370 foliis

57 1383 295 1438 culmisque
320 1384 650 1437 pallescentibus
683 1392 725 1422 et
754 1398 887 1438 usque
917 1385 969 1422 ad
997 1384 1162 1424 radices
1189 1386 1551 1425 exarescentibus.

56 1441 147 1481 Jam
178 1452 290 1478 nunc
323 1453 401 1492 per
430 1453 619 1491 magnam
651 1439 846 1492 jugorum
878 1449 919 1478 et
950 1441 1220 1492 planitierum
1244 1441 1406 1494 plagam
1436 1455 1555 1480 men-

58 1496 174 1536 sibus
202 1497 393 1548 Augusto
434 1506 474 1535 et
505 1496 751 1549 Septembri
783 1493 1018 1534 artificialis
1048 1497 1160 1536 ustio
1190 1497 1374 1550 ingruit,
1408 1498 1459 1536 ab
1490 1498 1556 1535 ina

59 1551 166 1592 colis
207 1565 304 1591 eum
342 1552 385 1589 in
426 1552 552 1591 finem
596 1551 814 1597 instituta,
870 1561 913 1590 ut
953 1550 1287 1605 conflagratione
1325 1551 1555 1592 carbonem

61 1616 227 1662 parent,
262 1608 580 1646 stercorationis
619 1607 715 1646 loco
758 1607 830 1661 qui
868 1621 963 1646 arva
994 1608 1205 1646 melioret.
1274 1609 1359 1669 Qui
1388 1622 1442 1647 ex
1484 1608 1557 1647 ad-

62 1663 169 1702 ustis
193 1662 407 1701 radicibus
433 1676 479 1702 30
507 1662 747 1701 iurionibus
778 1662 917 1715 primo
945 1663 1233 1714 regerminant
1270 1664 1399 1702 culmi
1427 1676 1557 1716 saepe

63 1728 105 1760 et
135 1720 342 1759 tenuitate
373 1728 417 1757 et
450 1717 770 1757 inssorescentia
816 1733 837 1756 a
869 1718 1034 1772 speciei
1074 1728 1173 1771 typo
1211 1719 1404 1758 nonnihil
1439 1733 1559 1758 rece*

64 1777 166 1816 dere
206 1774 415 1813 videntur.
484 1775 704 1814 Redeunte
749 1783 851 1812 tunc
891 1783 1144 1826 tempestate
1196 1775 1334 1826 pluvia
1370 1775 1561 1814 omnium

62 1830 366 1884 vegetabilium
402 1831 538 1883 prima
577 1838 698 1877 sunt,
741 1844 847 1882 quae
893 1831 934 1868 in
969 1844 1076 1868 nova
1113 1830 1375 1869 incrementa
1407 1839 1559 1879 ruant3

57 1900 200 1942 neque
230 1896 371 1925 tamen
398 1895 480 1924 tam
511 1887 597 1925 cito
634 1885 715 1925 hoc
743 1885 812 1931 fit,
856 1899 902 1925 ac
944 1885 984 1923 in
1019 1886 1438 1925 Graminearum
1469 1888 1562 1925 Na-

58 1956 323 1997 paearum
354 1942 490 1988 arvis,
522 1942 682 1996 quippe
712 1955 816 1994 quae
837 1970 847 1988 ,
880 1941 999 1994 quasi
1036 1941 1200 1994 magico
1232 1940 1416 1981 artificio
1450 1942 1564 1981 revi-

61 1998 307 2044 rescentia,
353 1997 610 2037 brevissimo
644 1997 849 2049 temporis
887 1997 1024 2049 spatio
1059 1997 1309 2036 nostratium
1348 2007 1564 2049 pratorum

62 2055 247 2095 alacrem
290 2053 565 2106 splendorem
618 2052 810 2091 induunt.
893 2052 1169 2104 Singulorum
1217 2053 1565 2106 repullulantium

63 2124 265 2150 numerus
310 2123 361 2148 eo
403 2109 559 2161 major,
616 2123 700 2162 quo
750 2107 900 2160 purior
947 2120 1115 2159 campus
1157 2106 1343 2160 (Campo
1399 2108 1564 2161 lt'mpo),

67 2166 114 2205 id
141 2174 208 2206 est
227 2195 239 2213 ,
281 2179 367 2219 quo
398 2165 543 2218 ‘magis
587 2165 824 2203 arbusculis
865 2163 1167 2217 fruticulisque
1193 2161 1468 2215 (Taboleiro)
1497 2177 1568 2203 ca-

68 2230 162 2271 ret,
194 2235 302 2276 quae
321 2220 442 2260 valde
460 2220 721 2274 impediunt,
754 2233 838 2274 quo
862 2219 1000 2258 minus
1026 2219 1240 2272 caespites
1263 2220 1455 2259 continui
1479 2219 1568 2258 for-

61 2287 246 2317 mentur.
319 2277 535 2337 Quaedam
583 2276 1007 2316 Graminearum
1053 2274 1339 2314 Oreadum
1397 2274 1567 2329 species

66 2333 148 2373 soli
169 2341 309 2373 certas
335 2332 609 2372 conditiones
622 2332 920 2384 *praediligere
947 2329 1183 2380 videntur3
1203 2331 1309 2370 aliae
1327 2360 1338 2379 ‚
1368 2340 1414 2370 ut
1429 2343 1569 2370 exem-

62 2389 149 2444 plis
182 2398 300 2435 utar,
363 2388 554 2440 argillam
592 2387 904 2439 ferruginosam
950 2385 1202 2433 auriferam,
1249 2387 1355 2425 aliae
1394 2387 1568 2424 humum

65 2445 269 2499 pinguem
288 2473 298 2490 ,
325 2443 511 2497 'qualem
537 2442 647 2494 apud
670 2456 747 2481 nos
782 2455 833 2481 ex
863 2441 1054 2496 deliquio
1084 2442 1307 2480 Ericarum
1342 2441 1567 2481 oriundam

69 2500 293 2547 videmus,
326 2498 416 2538 illic
450 2498 643 2538 locorum
669 2510 748 2551 per
777 2497 975 2551 planities
1006 2497 1109 2536 altas
1139 2495 1413 2549 (Chapadas)
1442 2510 1572 2549 saepe

68 2556 157 2595 late
218 2555 434 2609 longeque
495 2552 720 2600 diffusam,
778 2553 885 2592 aliae
922 2565 1087 2591 arenam
1135 2552 1295 2598 albam,
1350 2567 1374 2592 e
1421 2552 1571 2592 schisti

64 2611 286 2666 quartzosi
335 2609 497 2650 detritu
549 2618 702 2650 ortam.
781 2609 848 2647 De
889 2608 954 2647 his
1006 2621 1107 2647 vero
1146 2607 1381 2647 adhucdum
1422 2607 1571 2647 obser-

67 2666 313 2707 vationibus
341 2679 544 2706 caremus.
607 2665 653 2704 Id
688 2678 814 2703 unum
835 2692 845 2711 ,
890 2662 1004 2718 quod
1032 2663 1114 2702 huc
1133 2665 1348 2716 pertinet,
1392 2676 1577 2702 monenv

69 2723 168 2764 dum
197 2721 360 2768 habeo,
414 2721 650 2760 Melinin
691 2719 1112 2759 minutifloram
1159 2720 1329 2769 (incolis
1374 2717 1581 2773 Cau-pim-

73 2777 280 2818 Gor-dura
325 2792 358 2817 s.
400 2775 613 2824 meando,
673 2775 700 2815 i.
739 2789 776 2816 e.
815 2788 987 2829 gramen
1025 2774 1337 2828 unguinosum,
1393 2773 1574 2825 dictam)

70 2835 435 2889 conglomeratum
458 2832 562 2872 illud
580 2831 904 2886 ferruginosum
924 2842 1142 2884 saepeque
1167 2830 1401 2870 auriferum
1417 2859 1428 2878 ‚
1459 2830 1576 2883 quod

66 2890 313 2947 antiquiora
346 2889 558 2930 montium
592 2896 721 2930 strata
754 2887 837 2929 lata
880 2886 1002 2941 plaga
1037 2886 1247 2942 'obtegens
1291 2898 1373 2940 per
1414 2894 1578 2925 vastam

996 2942 1105 2994 35*
