1788 3183
702 162 992 199 GRAMOEEAE.
1106 184 1113 197 ,
1592 165 1622 208 9

99 276 280 325 donis
321 276 436 324 loco
469 276 697 340 vaginula
744 279 944 337 conica,
998 279 1217 344 integra,
1263 280 1450 339 tenuis,
1499 279 1620 346 (Co-

95 361 356 429 leoptilis)‚
394 381 421 410 a
445 364 576 410 foliis
606 365 1006 429 primordialibus
1037 368 1313 415 convolutis
1338 387 1451 416 mox
1478 371 1620 435 apice

96 453 316 517 disrupta
339 463 387 498 et
408 451 619 514 denique
641 469 936 500 evanescens
957 452 1024 515 >l²).
1094 457 1139 500 R
1154 472 1182 500 a
1197 455 1362 501 dicul
1377 473 1405 502 a
1431 474 1615 515 crassa,

95 539 286 595 obtusa,
316 538 604 603 plerumque
634 539 829 596 triloba,
867 558 893 586 e
915 540 1061 597 lobis,
1101 542 1423 602 (radiculodis
1447 540 1618 607 Rich.)

96 626 342 673 radiculas
378 626 657 682 filisormes,
712 626 938 689 vaginam
972 628 1301 675 radicularem
1338 627 1620 695 (eoleorbi-

101 711 241 775 zam)
278 712 611 778 perforantes,
649 713 1016 775 germinationis
1052 727 1274 780 tempore
1309 716 1550 763 emittens.

228 800 428 846 Plantae
473 800 730 845 maximam
775 812 967 864 partem
1000 803 1209 849 humiles
1246 815 1295 850 et
1328 804 1615 863 herbaceae,

98 905 288 934 annuae
322 887 397 935 vel
431 902 694 951 perennes.
732 903 880 951 saepe
916 890 1254 953 caespitosae5
1308 891 1466 937 rarius
1503 892 1618 939 sub-

93 974 340 1037 lignosae,
409 974 731 1019 frutescentes
777 973 854 1021 vel
904 975 1370 1023 subarboresccntes
1418 978 1617 1043 alteque

94 1062 222 1108 inter
255 1060 456 1107 frutices
492 1072 819 1122 assurgentes.
909 1061 1152 1108 Caudex
1197 1063 1615 1112 intermedius
1672 1110 1677 1114 ,

96 1146 360 1209 (rhizoma)
398 1147 473 1195 vel
505 1146 813 1193 abbreviatus
852 1158 900 1193 et
935 1146 985 1192 in
1016 1148 1162 1196 fibras
1201 1150 1416 1207 solutus,
1456 1150 1617 1209 (radix

93 1234 324 1296 fibrosa),
362 1235 438 1282 rel
472 1251 648 1298 repens
685 1233 1006 1297 Stolonesque
1041 1252 1099 1281 ex
1135 1237 1354 1283 articulis
1388 1238 1616 1285 radican-

93 1333 167 1369 tes
231 1322 527 1385 progignens
586 1320 794 1381 (radix
838 1318 1116 1385 repens.)
1206 1324 1364 1370 Culmi
1405 1326 1616 1373 fistulosi

92 1409 169 1457 vel
205 1409 352 1455 etiam
387 1408 558 1464 solidi,
597 1407 846 1471 simplices
882 1408 958 1454 vel
993 1410 1188 1466 ramosi,
1227 1411 1488 1468 articulati,
1524 1431 1615 1460 no-

97 1497 173 1543 dis
208 1495 526 1542 annularibus
564 1494 912 1550 solidioribus,
971 1512 1117 1560 saepe
1161 1498 1358 1544 tumidis
1396 1510 1445 1544 et
1478 1500 1615 1546 colo-

96 1582 234 1628 ratis.
305 1583 534 1628 Gemmae
566 1579 640 1641 (in
667 1578 898 1643 ramosis)
929 1583 1178 1639 axillares,
1215 1585 1399 1642 nudae,
1438 1586 1614 1635 foliolo

94 1668 328 1735 primario
377 1668 563 1714 dorso
622 1684 711 1714 suo
770 1668 983 1714 culmum
1035 1657 1307 1733 spectante‘.²
1400 1674 1540 1719 Folia
1585 1692 1614 1721 e

92 1755 322 1818 geniculo
359 1771 444 1799 seu
478 1754 611 1800 nodo
642 1755 875 1811 oriunda,
913 1755 1383 1815 disticho-alterna,
1423 1760 1614 1824 singula

92 1842 268 1908 petioli
302 1841 414 1887 loco
449 1841 673 1904 praedita
707 1842 929 1904 vagina
967 1843 1259 1900 convoluta,
1322 1846 1613 1912 plerumque

134 2011 169 2054 ²⁸)
195 2010 280 2044 Non
303 2015 456 2049 errant,
490 2007 555 2055 qui
579 2006 843 2042 tenuissimum
870 2009 942 2043 hoc
965 2016 1114 2056 tegmen
1139 2011 1393 2057 primordiale
1416 2014 1613 2060 plumulae

221 2065 397 2110 vaginam
418 2063 633 2110 appellant,
666 2075 738 2097 nec
761 2063 1049 2108 con-ledonem,
1089 2074 1146 2101 est
1173 2069 1313 2102 etenim
1340 2081 1431 2103 vera
1459 2072 1612 2117 vagina,

223 2118 291 2155 sed
314 2120 462 2165 integra
486 2130 549 2160 ea,
595 2119 776 2153 tubulosa
804 2128 917 2167 atque
946 2122 1117 2167 aphyssa,
1153 2123 1283 2169 quales
1312 2132 1348 2159 et
1371 2127 1503 2172 plures
1528 2140 1613 2162 eam

223 2181 457 2223 sequuntur,
493 2185 536 2209 ex
561 2174 642 2218 ejus
664 2175 749 2208 sinu
774 2174 942 2222 denique
973 2185 1223 2224 exsurgentes
1248 2187 1361 2226 atque
1383 2194 1421 2216 se
1446 2182 1614 2218 invicem

220 2237 415 2276 tegent053
453 2228 554 2264 haud
574 2229 793 2276 spernendo
820 2231 987 2273 indicio,
1027 2231 1228 2267 inferioris
1248 2235 1312 2269 has
1336 2248 1416 2270 esse
1442 2237 1607 2281 ordinis,

222 2286 482 2321 tuhulosas
510 2286 679 2327 scilicet,
706 2286 838 2333 quales
860 2286 899 2319 in
923 2288 1199 2323 Gramineis
1224 2290 1440 2334 rari-sime,
1467 2293 1505 2327 in
1533 2295 1613 2338 Cy-

222 2342 471 2388 pcraceis‚
512 2353 608 2389 quac
631 2341 754 2376 minus
779 2342 959 2376 evolutae
986 2343 1139 2389 plantae
1159 2343 1251 2378 mihi
1275 2346 1471 2392 videntur,
1500 2361 1610 2384 sem-

220 2409 245 2444 p
260 2409 308 2430 er
333 2404 556 2431 occurrunt.

309 2454 482 2503 Quorum
506 2452 718 2486 sententiae
739 2451 769 2486 si
794 2453 1038 2495 assentiaris,
1077 2455 1300 2490 Gramineas
1327 2459 1557 2503 acotyled
1570 2473 1611 2495 o-

219 2518 333 2541 neas
360 2507 510 2541 diceres
538 2508 686 2556 plantas
709 2509 953 2551 vasculares‚
979 2509 1151 2556 pluinula
1177 2511 1277 2545 nuda
1304 2513 1514 2558 praeditas,
1544 2529 1609 2551 va-

223 2563 321 2608 ginis
345 2563 660 2607 primordialibus
681 2563 884 2609 pluribus,
920 2565 967 2599 ab
991 2565 1102 2598 initio
1125 2565 1234 2611 apice
1260 2568 1422 2611 clausis,
1465 2572 1611 2614 cotylc-

222 2617 335 2652 donis
366 2618 506 2665 integri
536 2618 641 2653 vices
668 2619 908 2666 gerentibus.
982 2622 1077 2654 Tum
1107 2633 1204 2655 vero
1236 2622 1486 2668 hypoblastus
1519 2639 1612 2672 pars

222 2671 408 2719 quaedam
437 2673 611 2708 habenda
640 2681 697 2708 cst
730 2673 949 2719 cotyledoni
981 2675 1162 2721 analoga,
1208 2678 1406 2725 magisque
1437 2680 1485 2714 ad
1513 2682 1610 2716 inte-

221 2727 329 2762 riom
351 2729 504 2763 seminis
528 2741 639 2776 quam
663 2728 712 2763 ad
734 2737 931 2764 externam
952 2731 1101 2764 corculi
1125 2732 1388 2767 evolutionem
1413 2743 1616 2782 spectans;

221 2783 326 2829 quod
345 2783 498 2830 quidem
521 2797 598 2820 non
613 2785 710 2819 male
731 2786 911 2832 congruit
930 2798 1014 2820 cum
1034 2793 1170 2820 natura
1190 2787 1329 2830 culmi,
1355 2790 1468 2825 nodis
1488 2793 1615 2837 pluri-

219 2839 291 2872 mis
319 2839 486 2874 distincti
514 2846 552 2874 et
578 2840 686 2887 quasi
714 2852 759 2875 ex
791 2841 967 2878 articulis
991 2841 1173 2890 singulis,
1220 2843 1387 2891 propria
1414 2846 1494 2880 vita
1521 2859 1612 2894 gau-

222 2892 424 2938 dentibus,
459 2896 679 2942 compositi.
