<?xml version="1.0" encoding="UTF-8"?>
<!DOCTYPE html PUBLIC "-//W3C//DTD XHTML 1.0 Transitional//EN"
    "http://www.w3.org/TR/xhtml1/DTD/xhtml1-transitional.dtd">
<html xmlns="http://www.w3.org/1999/xhtml" xml:lang="en" lang="en">
 <head>
  <title>
</title>
<meta http-equiv="Content-Type" content="text/html;charset=utf-8" />
  <meta name='ocr-system' content='tesseract 3.04.00' />
  <meta name='ocr-capabilities' content='ocr_page ocr_carea ocr_par ocr_line ocrx_word'/>
</head>
<body>
  <div class='ocr_page' id='page_1' title='image "agrostologiabras00nees_0566.png"; bbox 0 0 1788 3183; ppageno 0'>
   <div class='ocr_carea' id='block_1_1' title="bbox 204 169 1439 214">
    <p class='ocr_par' dir='ltr' id='par_1_1' title="bbox 204 169 1439 214">
     <span class='ocr_line' id='line_1_1' title="bbox 204 169 1439 214; baseline 0.002 -5"><span class='ocrx_word' id='word_1_1' title='bbox 204 170 287 209; x_wconf 82' lang='lat'>552</span> <span class='ocrx_word' id='word_1_2' title='bbox 461 169 738 210; x_wconf 73' lang='lat' dir='ltr'>GRAMlNEAF..</span> <span class='ocrx_word' id='word_1_3' title='bbox 799 171 1084 213; x_wconf 65' lang='lat' dir='ltr'>Onsmzvmo</span> <span class='ocrx_word' id='word_1_4' title='bbox 1116 184 1439 214; x_wconf 67' lang='lat' dir='ltr'>GEOGnAPfflCA.</span> 
     </span>
    </p>
   </div>
   <div class='ocr_carea' id='block_1_2' title="bbox 184 288 1714 2917">
    <p class='ocr_par' dir='ltr' id='par_1_2' title="bbox 184 288 1714 2917">
     <span class='ocr_line' id='line_1_2' title="bbox 200 288 1696 348; baseline 0.005 -22"><span class='ocrx_word' id='word_1_5' title='bbox 200 296 318 326; x_wconf 83' lang='lat' dir='ltr'>terea</span> <span class='ocrx_word' id='word_1_6' title='bbox 348 288 469 340; x_wconf 76' lang='lat' dir='ltr'>hujus</span> <span class='ocrx_word' id='word_1_7' title='bbox 499 290 689 342; x_wconf 68' lang='lat' dir='ltr'>regionis</span> <span class='ocrx_word' id='word_1_8' title='bbox 723 292 927 345; x_wconf 74' lang='lat' dir='ltr'>qualitate</span> <span class='ocrx_word' id='word_1_9' title='bbox 962 295 1140 346; x_wconf 80' lang='lat' dir='ltr'>quadam</span> <span class='ocrx_word' id='word_1_10' title='bbox 1173 294 1356 346; x_wconf 77' lang='lat' dir='ltr'>physica.</span> <span class='ocrx_word' id='word_1_11' title='bbox 1415 295 1572 332; x_wconf 85' lang='lat' dir='ltr'>Natura</span> <span class='ocrx_word' id='word_1_12' title='bbox 1602 294 1696 348; x_wconf 85' lang='lat' dir='ltr'>qui-</span> 
     </span>
     <span class='ocr_line' id='line_1_3' title="bbox 203 343 1693 401; baseline 0.005 -21"><span class='ocrx_word' id='word_1_13' title='bbox 203 343 298 382; x_wconf 85' lang='lat' dir='ltr'>‹lem</span> <span class='ocrx_word' id='word_1_14' title='bbox 323 345 402 383; x_wconf 88' lang='lat' dir='ltr'>soli</span> <span class='ocrx_word' id='word_1_15' title='bbox 423 346 564 384; x_wconf 78' lang='lat' dir='ltr'>eadem</span> <span class='ocrx_word' id='word_1_16' title='bbox 590 357 651 384; x_wconf 75' lang='lat' dir='ltr'>est·</span> <span class='ocrx_word' id='word_1_17' title='bbox 668 377 679 395; x_wconf 75' lang='grc'>,</span> <span class='ocrx_word' id='word_1_18' title='bbox 712 361 816 399; x_wconf 82' lang='lat' dir='ltr'>quac</span> <span class='ocrx_word' id='word_1_19' title='bbox 843 347 1032 387; x_wconf 78' lang='lat' dir='ltr'>finitimis</span> <span class='ocrx_word' id='word_1_20' title='bbox 1063 350 1309 401; x_wconf 78' lang='lat' dir='ltr'>provinciae</span> <span class='ocrx_word' id='word_1_21' title='bbox 1332 350 1693 401; x_wconf 76' lang='lat' dir='ltr'>niaragnanensis3</span> 
     </span>
     <span class='ocr_line' id='line_1_4' title="bbox 205 401 1701 457; baseline 0.005 -21"><span class='ocrx_word' id='word_1_22' title='bbox 205 408 368 439; x_wconf 76' lang='lat' dir='ltr'>constat</span> <span class='ocrx_word' id='word_1_23' title='bbox 404 401 600 440; x_wconf 78' lang='lat' dir='ltr'>nimirum</span> <span class='ocrx_word' id='word_1_24' title='bbox 641 403 778 454; x_wconf 75' lang='lat' dir='ltr'>lapide</span> <span class='ocrx_word' id='word_1_25' title='bbox 823 404 894 442; x_wconf 81' lang='lat' dir='ltr'>illo</span> <span class='ocrx_word' id='word_1_26' title='bbox 938 406 1253 455; x_wconf 71' lang='lat' dir='ltr'>conglorncralo</span> <span class='ocrx_word' id='word_1_27' title='bbox 1290 405 1701 457; x_wconf 76' lang='lat' dir='ltr'>arenoso-ferrugi-</span> 
     </span>
     <span class='ocr_line' id='line_1_5' title="bbox 204 458 1701 511; baseline 0.005 -19"><span class='ocrx_word' id='word_1_28' title='bbox 204 469 310 494; x_wconf 87' lang='lat' dir='ltr'>noso</span> <span class='ocrx_word' id='word_1_29' title='bbox 328 485 337 501; x_wconf 77' lang='lat'>,</span> <span class='ocrx_word' id='word_1_30' title='bbox 371 458 437 496; x_wconf 86' lang='lat' dir='ltr'>cui</span> <span class='ocrx_word' id='word_1_31' title='bbox 468 458 632 509; x_wconf 73' lang='lat' dir='ltr'>saepius</span> <span class='ocrx_word' id='word_1_32' title='bbox 656 460 789 510; x_wconf 83' lang='lat' dir='ltr'>ampla</span> <span class='ocrx_word' id='word_1_33' title='bbox 810 459 1053 498; x_wconf 75' lang='lat' dir='ltr'>incumbunt</span> <span class='ocrx_word' id='word_1_34' title='bbox 1082 471 1207 499; x_wconf 74' lang='lat' dir='ltr'>strala</span> <span class='ocrx_word' id='word_1_35' title='bbox 1227 461 1397 511; x_wconf 68' lang='lat' dir='ltr'>argillae</span> <span class='ocrx_word' id='word_1_36' title='bbox 1422 461 1701 500; x_wconf 80' lang='lat' dir='ltr'>diversicolo-</span> 
     </span>
     <span class='ocr_line' id='line_1_6' title="bbox 205 510 1704 569; baseline 0.004 -20"><span class='ocrx_word' id='word_1_37' title='bbox 205 511 266 550; x_wconf 70' lang='lat' dir='ltr'>l‘is</span> <span class='ocrx_word' id='word_1_38' title='bbox 287 540 296 557; x_wconf 78' lang='grc'>,</span> <span class='ocrx_word' id='word_1_39' title='bbox 332 510 529 551; x_wconf 66' lang='lat' dir='ltr'>fluctuum</span> <span class='ocrx_word' id='word_1_40' title='bbox 560 529 639 566; x_wconf 79' lang='lat' dir='ltr'>ope</span> <span class='ocrx_word' id='word_1_41' title='bbox 668 514 865 565; x_wconf 71' lang='lat' dir='ltr'>adv801a3</span> <span class='ocrx_word' id='word_1_42' title='bbox 898 516 969 554; x_wconf 77' lang='lat' dir='ltr'>scd</span> <span class='ocrx_word' id='word_1_43' title='bbox 999 517 1112 567; x_wconf 73' lang='lat' dir='ltr'>quod</span> <span class='ocrx_word' id='word_1_44' title='bbox 1144 517 1362 569; x_wconf 81' lang='lat' dir='ltr'>proprium</span> <span class='ocrx_word' id='word_1_45' title='bbox 1396 526 1458 555; x_wconf 78' lang='lat' dir='ltr'>est</span> <span class='ocrx_word' id='word_1_46' title='bbox 1501 516 1598 555; x_wconf 83' lang='lat' dir='ltr'>huic</span> <span class='ocrx_word' id='word_1_47' title='bbox 1637 530 1704 555; x_wconf 81' lang='lat' dir='ltr'>re-</span> 
     </span>
     <span class='ocr_line' id='line_1_7' title="bbox 205 567 1705 625; baseline 0.005 -21"><span class='ocrx_word' id='word_1_48' title='bbox 205 567 348 618; x_wconf 75' lang='lat' dir='ltr'>gioni,</span> <span class='ocrx_word' id='word_1_49' title='bbox 394 568 576 607; x_wconf 83' lang='lat' dir='ltr'>calido</span> <span class='ocrx_word' id='word_1_50' title='bbox 602 596 617 602; x_wconf 88' lang='lat'><em>-</em></span> <span class='ocrx_word' id='word_1_51' title='bbox 638 569 887 609; x_wconf 75' lang='lat' dir='ltr'>humidae</span> <span class='ocrx_word' id='word_1_52' title='bbox 919 572 1041 610; x_wconf 75' lang='lat' dir='ltr'>nobis</span> <span class='ocrx_word' id='word_1_53' title='bbox 1074 573 1236 621; x_wconf 76' lang='lat' dir='ltr'>(lictae,</span> <span class='ocrx_word' id='word_1_54' title='bbox 1279 582 1341 610; x_wconf 85' lang='lat' dir='ltr'>cst</span> <span class='ocrx_word' id='word_1_55' title='bbox 1374 572 1542 611; x_wconf 86' lang='lat' dir='ltr'>humilis</span> <span class='ocrx_word' id='word_1_56' title='bbox 1578 586 1705 625; x_wconf 79' lang='lat' dir='ltr'>supra</span> 
     </span>
     <span class='ocr_line' id='line_1_8' title="bbox 203 622 1707 680; baseline 0.003 -18"><span class='ocrx_word' id='word_1_57' title='bbox 203 622 421 662; x_wconf 83' lang='lat' dir='ltr'>Oceanum</span> <span class='ocrx_word' id='word_1_58' title='bbox 465 624 645 663; x_wconf 75' lang='lat' dir='ltr'>clevatio</span> <span class='ocrx_word' id='word_1_59' title='bbox 695 636 736 665; x_wconf 89' lang='lat' dir='ltr'>ct</span> <span class='ocrx_word' id='word_1_60' title='bbox 784 627 890 664; x_wconf 79' lang='lat' dir='ltr'>mira</span> <span class='ocrx_word' id='word_1_61' title='bbox 930 628 1138 680; x_wconf 75' lang='lat' dir='ltr'>planities.</span> <span class='ocrx_word' id='word_1_62' title='bbox 1209 628 1386 667; x_wconf 72' lang='lat' dir='ltr'>Accedit</span> <span class='ocrx_word' id='word_1_63' title='bbox 1437 627 1707 667; x_wconf 84' lang='lat' dir='ltr'>incredibilis</span> 
     </span>
     <span class='ocr_line' id='line_1_9' title="bbox 206 680 1706 737; baseline 0.004 -22"><span class='ocrx_word' id='word_1_64' title='bbox 206 692 405 731; x_wconf 84' lang='lat' dir='ltr'>aquarum</span> <span class='ocrx_word' id='word_1_65' title='bbox 429 680 703 727; x_wconf 66' lang='lat' dir='ltr'>abundantia,</span> <span class='ocrx_word' id='word_1_66' title='bbox 752 696 830 735; x_wconf 85' lang='lat' dir='ltr'>qua</span> <span class='ocrx_word' id='word_1_67' title='bbox 870 682 936 731; x_wconf 71' lang='lat' dir='ltr'>fii,</span> <span class='ocrx_word' id='word_1_68' title='bbox 980 693 1023 721; x_wconf 77' lang='lat' dir='ltr'>ut</span> <span class='ocrx_word' id='word_1_69' title='bbox 1049 684 1117 723; x_wconf 55' lang='lat' dir='ltr'>‘vix</span> <span class='ocrx_word' id='word_1_70' title='bbox 1154 683 1315 722; x_wconf 81' lang='lat' dir='ltr'><strong>sontem</strong></span> <span class='ocrx_word' id='word_1_71' title='bbox 1350 684 1489 722; x_wconf 84' lang='lat' dir='ltr'>videas</span> <span class='ocrx_word' id='word_1_72' title='bbox 1523 684 1605 723; x_wconf 86' lang='lat' dir='ltr'>nisi</span> <span class='ocrx_word' id='word_1_73' title='bbox 1634 684 1706 737; x_wconf 89' lang='lat' dir='ltr'>qui</span> 
     </span>
     <span class='ocr_line' id='line_1_10' title="bbox 208 734 1706 792; baseline 0.003 -20"><span class='ocrx_word' id='word_1_74' title='bbox 208 734 250 772; x_wconf 87' lang='lat' dir='ltr'>in</span> <span class='ocrx_word' id='word_1_75' title='bbox 280 743 438 774; x_wconf 74' lang='lat' dir='ltr'>vastum</span> <span class='ocrx_word' id='word_1_76' title='bbox 466 736 597 775; x_wconf 83' lang='lat' dir='ltr'>lacum</span> <span class='ocrx_word' id='word_1_77' title='bbox 629 739 927 785; x_wconf 71' lang='lat' dir='ltr'>exuberassct,</span> <span class='ocrx_word' id='word_1_78' title='bbox 978 754 1056 777; x_wconf 76' lang='lat' dir='ltr'>nec</span> <span class='ocrx_word' id='word_1_79' title='bbox 1093 739 1253 786; x_wconf 86' lang='lat' dir='ltr'>rivum,</span> <span class='ocrx_word' id='word_1_80' title='bbox 1294 739 1375 778; x_wconf 87' lang='lat' dir='ltr'>nisi</span> <span class='ocrx_word' id='word_1_81' title='bbox 1409 740 1476 792; x_wconf 86' lang='lat' dir='ltr'>qui</span> <span class='ocrx_word' id='word_1_82' title='bbox 1512 739 1554 777; x_wconf 90' lang='lat' dir='ltr'>in</span> <span class='ocrx_word' id='word_1_83' title='bbox 1593 752 1706 792; x_wconf 82' lang='lat' dir='ltr'>mag-</span> 
     </span>
     <span class='ocr_line' id='line_1_11' title="bbox 205 789 1706 845; baseline 0.005 -18"><span class='ocrx_word' id='word_1_84' title='bbox 205 805 304 828; x_wconf 85' lang='lat' dir='ltr'>num</span> <span class='ocrx_word' id='word_1_85' title='bbox 342 789 513 829; x_wconf 80' lang='lat' dir='ltr'>fluvium</span> <span class='ocrx_word' id='word_1_86' title='bbox 548 803 644 844; x_wconf 74' lang='lat' dir='ltr'>post,</span> <span class='ocrx_word' id='word_1_87' title='bbox 675 808 898 845; x_wconf 78' lang='lat' dir='ltr'>paucarum</span> <span class='ocrx_word' id='word_1_88' title='bbox 937 795 1148 834; x_wconf 80' lang='lat' dir='ltr'>leucarum</span> <span class='ocrx_word' id='word_1_89' title='bbox 1191 795 1413 833; x_wconf 79' lang='lat' dir='ltr'>decursum</span> <span class='ocrx_word' id='word_1_90' title='bbox 1448 795 1706 834; x_wconf 86' lang='lat' dir='ltr'>intumuerit.</span> 
     </span>
     <span class='ocr_line' id='line_1_12' title="bbox 205 847 1708 904; baseline 0.004 -21"><span class='ocrx_word' id='word_1_91' title='bbox 205 847 285 884; x_wconf 77' lang='lat' dir='ltr'>His</span> <span class='ocrx_word' id='word_1_92' title='bbox 310 847 504 885; x_wconf 86' lang='lat' dir='ltr'>omnibus</span> <span class='ocrx_word' id='word_1_93' title='bbox 533 849 767 888; x_wconf 76' lang='lat' dir='ltr'>rationibus</span> <span class='ocrx_word' id='word_1_94' title='bbox 794 849 836 887; x_wconf 80' lang='lat' dir='ltr'>fil</span> <span class='ocrx_word' id='word_1_95' title='bbox 855 879 864 895; x_wconf 77' lang='grc'>,</span> <span class='ocrx_word' id='word_1_96' title='bbox 905 860 947 888; x_wconf 89' lang='lat' dir='ltr'>ut</span> <span class='ocrx_word' id='word_1_97' title='bbox 985 860 1123 889; x_wconf 65' lang='lat' dir='ltr'>aestus</span> <span class='ocrx_word' id='word_1_98' title='bbox 1158 851 1283 889; x_wconf 89' lang='lat' dir='ltr'>maris</span> <span class='ocrx_word' id='word_1_99' title='bbox 1314 852 1442 891; x_wconf 72' lang='lat' dir='ltr'>variis</span> <span class='ocrx_word' id='word_1_100' title='bbox 1470 851 1576 890; x_wconf 88' lang='lat' dir='ltr'>locis</span> <span class='ocrx_word' id='word_1_101' title='bbox 1608 863 1708 904; x_wconf 89' lang='lat' dir='ltr'>pro-</span> 
     </span>
     <span class='ocr_line' id='line_1_13' title="bbox 206 902 1707 952; baseline 0.002 -10"><span class='ocrx_word' id='word_1_102' title='bbox 206 902 275 942; x_wconf 85' lang='lat' dir='ltr'>cul</span> <span class='ocrx_word' id='word_1_103' title='bbox 296 903 339 941; x_wconf 90' lang='lat' dir='ltr'>in</span> <span class='ocrx_word' id='word_1_104' title='bbox 368 903 581 942; x_wconf 83' lang='lat' dir='ltr'>canalibus</span> <span class='ocrx_word' id='word_1_105' title='bbox 610 913 747 943; x_wconf 84' lang='lat' dir='ltr'>terrac</span> <span class='ocrx_word' id='word_1_106' title='bbox 778 907 1032 945; x_wconf 79' lang='lat' dir='ltr'>continentis</span> <span class='ocrx_word' id='word_1_107' title='bbox 1057 908 1355 945; x_wconf 74' lang='lat' dir='ltr'>continuentur</span> <span class='ocrx_word' id='word_1_108' title='bbox 1370 916 1452 952; x_wconf 56' lang='lat' dir='ltr'>set</span> <span class='ocrx_word' id='word_1_109' title='bbox 1474 906 1609 945; x_wconf 89' lang='lat' dir='ltr'>omnis</span> <span class='ocrx_word' id='word_1_110' title='bbox 1639 919 1707 945; x_wconf 85' lang='lat' dir='ltr'>re·</span> 
     </span>
     <span class='ocr_line' id='line_1_14' title="bbox 206 958 1707 1013; baseline 0.003 -17"><span class='ocrx_word' id='word_1_111' title='bbox 206 958 278 1011; x_wconf 73' lang='lat' dir='ltr'>gIO</span> <span class='ocrx_word' id='word_1_112' title='bbox 303 958 453 997; x_wconf 83' lang='lat' dir='ltr'>eodem</span> <span class='ocrx_word' id='word_1_113' title='bbox 477 959 595 1012; x_wconf 88' lang='lat' dir='ltr'>quasi</span> <span class='ocrx_word' id='word_1_114' title='bbox 620 969 809 1013; x_wconf 74' lang='lat' dir='ltr'>tempore</span> <span class='ocrx_word' id='word_1_115' title='bbox 837 962 968 1013; x_wconf 82' lang='lat' dir='ltr'>ipsius</span> <span class='ocrx_word' id='word_1_116' title='bbox 1002 973 1172 1002; x_wconf 76' lang='lat' dir='ltr'>naturae</span> <span class='ocrx_word' id='word_1_117' title='bbox 1196 972 1309 1009; x_wconf 76' lang='lat' dir='ltr'>arte,</span> <span class='ocrx_word' id='word_1_118' title='bbox 1353 963 1452 1000; x_wconf 77' lang='lat' dir='ltr'>item</span> <span class='ocrx_word' id='word_1_119' title='bbox 1478 978 1524 1002; x_wconf 80' lang='lat' dir='ltr'>ac</span> <span class='ocrx_word' id='word_1_120' title='bbox 1547 963 1591 1000; x_wconf 89' lang='lat' dir='ltr'>in</span> <span class='ocrx_word' id='word_1_121' title='bbox 1611 963 1707 1001; x_wconf 80' lang='lat' dir='ltr'>Bel-</span> 
     </span>
     <span class='ocr_line' id='line_1_15' title="bbox 207 1014 1708 1071; baseline 0.003 -19"><span class='ocrx_word' id='word_1_122' title='bbox 207 1014 277 1066; x_wconf 82' lang='lat' dir='ltr'>gio</span> <span class='ocrx_word' id='word_1_123' title='bbox 302 1014 516 1053; x_wconf 85' lang='lat' dir='ltr'>hominum</span> <span class='ocrx_word' id='word_1_124' title='bbox 547 1015 777 1062; x_wconf 76' lang='lat' dir='ltr'>industria,</span> <span class='ocrx_word' id='word_1_125' title='bbox 822 1018 1061 1056; x_wconf 64' lang='lat' dir='ltr'>inundetur.</span> <span class='ocrx_word' id='word_1_126' title='bbox 1120 1021 1208 1058; x_wconf 84' lang='lat' dir='ltr'>Nec</span> <span class='ocrx_word' id='word_1_127' title='bbox 1239 1019 1414 1057; x_wconf 83' lang='lat' dir='ltr'>ulterius</span> <span class='ocrx_word' id='word_1_128' title='bbox 1440 1018 1546 1057; x_wconf 84' lang='lat' dir='ltr'>hanc</span> <span class='ocrx_word' id='word_1_129' title='bbox 1566 1018 1708 1071; x_wconf 81' lang='lat' dir='ltr'>regio-</span> 
     </span>
     <span class='ocr_line' id='line_1_16' title="bbox 205 1071 1709 1127; baseline 0.003 -19"><span class='ocrx_word' id='word_1_130' title='bbox 205 1082 302 1108; x_wconf 84' lang='lat' dir='ltr'>nem</span> <span class='ocrx_word' id='word_1_131' title='bbox 325 1071 607 1110; x_wconf 81' lang='lat' dir='ltr'>amazonicam</span> <span class='ocrx_word' id='word_1_132' title='bbox 641 1073 907 1111; x_wconf 69' lang='lat' dir='ltr'>constitutam</span> <span class='ocrx_word' id='word_1_133' title='bbox 941 1073 1010 1112; x_wconf 84' lang='lat' dir='ltr'>hic</span> <span class='ocrx_word' id='word_1_134' title='bbox 1046 1075 1170 1121; x_wconf 78' lang='lat' dir='ltr'>volo,</span> <span class='ocrx_word' id='word_1_135' title='bbox 1214 1089 1334 1127; x_wconf 87' lang='lat' dir='ltr'>quam</span> <span class='ocrx_word' id='word_1_136' title='bbox 1359 1089 1437 1127; x_wconf 85' lang='lat' dir='ltr'>qua</span> <span class='ocrx_word' id='word_1_137' title='bbox 1465 1075 1709 1113; x_wconf 78' lang='lat' dir='ltr'>simultanea</span> 
     </span>
     <span class='ocr_line' id='line_1_17' title="bbox 205 1125 1706 1183; baseline 0.003 -19"><span class='ocrx_word' id='word_1_138' title='bbox 205 1125 310 1165; x_wconf 89' lang='lat' dir='ltr'>haec</span> <span class='ocrx_word' id='word_1_139' title='bbox 332 1141 530 1179; x_wconf 84' lang='lat' dir='ltr'>aquarum</span> <span class='ocrx_word' id='word_1_140' title='bbox 556 1127 773 1169; x_wconf 82' lang='lat' dir='ltr'>inundatio</span> <span class='ocrx_word' id='word_1_141' title='bbox 794 1130 1027 1181; x_wconf 75' lang='lat' dir='ltr'>contingit3</span> <span class='ocrx_word' id='word_1_142' title='bbox 1061 1131 1216 1183; x_wconf 81' lang='lat' dir='ltr'>quippe</span> <span class='ocrx_word' id='word_1_143' title='bbox 1241 1144 1368 1183; x_wconf 71' lang='lat' dir='ltr'>quae,</span> <span class='ocrx_word' id='word_1_144' title='bbox 1400 1131 1706 1182; x_wconf 83' lang='lat' dir='ltr'>praeterAma-</span> 
     </span>
     <span class='ocr_line' id='line_1_18' title="bbox 207 1181 1707 1230; baseline 0.002 -10"><span class='ocrx_word' id='word_1_145' title='bbox 207 1195 361 1221; x_wconf 88' lang='lat' dir='ltr'>zonum</span> <span class='ocrx_word' id='word_1_146' title='bbox 384 1181 569 1221; x_wconf 83' lang='lat' dir='ltr'>fluminis</span> <span class='ocrx_word' id='word_1_147' title='bbox 601 1197 698 1230; x_wconf 79' lang='lat' dir='ltr'>ora,</span> <span class='ocrx_word' id='word_1_148' title='bbox 750 1193 790 1222; x_wconf 89' lang='lat' dir='ltr'>et</span> <span class='ocrx_word' id='word_1_149' title='bbox 817 1183 1040 1224; x_wconf 72' lang='lat' dir='ltr'>fluviorum</span> <span class='ocrx_word' id='word_1_150' title='bbox 1074 1187 1306 1226; x_wconf 76' lang='lat' dir='ltr'>lateralium</span> <span class='ocrx_word' id='word_1_151' title='bbox 1337 1186 1558 1225; x_wconf 81' lang='lat' dir='ltr'>decursum</span> <span class='ocrx_word' id='word_1_152' title='bbox 1593 1199 1707 1225; x_wconf 79' lang='lat' dir='ltr'>com·</span> 
     </span>
     <span class='ocr_line' id='line_1_19' title="bbox 204 1238 1705 1295; baseline 0.003 -19"><span class='ocrx_word' id='word_1_153' title='bbox 204 1238 408 1290; x_wconf 71' lang='lat' dir='ltr'>plectitur</span> <span class='ocrx_word' id='word_1_154' title='bbox 432 1239 544 1277; x_wconf 86' lang='lat' dir='ltr'>inter</span> <span class='ocrx_word' id='word_1_155' title='bbox 568 1239 696 1286; x_wconf 77' lang='lat' dir='ltr'>illud,</span> <span class='ocrx_word' id='word_1_156' title='bbox 731 1241 843 1292; x_wconf 84' lang='lat' dir='ltr'>quod</span> <span class='ocrx_word' id='word_1_157' title='bbox 863 1250 1032 1292; x_wconf 74' lang='lat' dir='ltr'>petunt,</span> <span class='ocrx_word' id='word_1_158' title='bbox 1065 1251 1188 1295; x_wconf 82' lang='lat' dir='ltr'>atque</span> <span class='ocrx_word' id='word_1_159' title='bbox 1213 1256 1259 1280; x_wconf 88' lang='lat' dir='ltr'>ea</span> <span class='ocrx_word' id='word_1_160' title='bbox 1291 1242 1400 1287; x_wconf 71' lang='lat' dir='ltr'>loca⁷</span> <span class='ocrx_word' id='word_1_161' title='bbox 1435 1242 1585 1294; x_wconf 83' lang='lat' dir='ltr'>quibus</span> <span class='ocrx_word' id='word_1_162' title='bbox 1608 1241 1705 1280; x_wconf 88' lang='lat' dir='ltr'>illo-</span> 
     </span>
     <span class='ocr_line' id='line_1_20' title="bbox 206 1294 1709 1350; baseline 0.003 -19"><span class='ocrx_word' id='word_1_163' title='bbox 206 1308 301 1331; x_wconf 85' lang='lat' dir='ltr'>rum</span> <span class='ocrx_word' id='word_1_164' title='bbox 323 1294 440 1346; x_wconf 80' lang='lat' dir='ltr'>ripae</span> <span class='ocrx_word' id='word_1_165' title='bbox 470 1295 592 1333; x_wconf 79' lang='lat' dir='ltr'>altius</span> <span class='ocrx_word' id='word_1_166' title='bbox 624 1295 884 1335; x_wconf 69' lang='lat' dir='ltr'><strong>adscendunt</strong></span> <span class='ocrx_word' id='word_1_167' title='bbox 916 1297 1156 1350; x_wconf 72' lang='lat' dir='ltr'>limitesque</span> <span class='ocrx_word' id='word_1_168' title='bbox 1197 1298 1314 1350; x_wconf 84' lang='lat' dir='ltr'>quasi</span> <span class='ocrx_word' id='word_1_169' title='bbox 1350 1298 1479 1350; x_wconf 81' lang='lat' dir='ltr'>positi</span> <span class='ocrx_word' id='word_1_170' title='bbox 1512 1297 1709 1335; x_wconf 82' lang='lat' dir='ltr'>videntur</span> 
     </span>
     <span class='ocr_line' id='line_1_21' title="bbox 206 1349 1705 1402; baseline 0.003 -14"><span class='ocrx_word' id='word_1_171' title='bbox 206 1349 381 1388; x_wconf 80' lang='lat' dir='ltr'>alterius</span> <span class='ocrx_word' id='word_1_172' title='bbox 407 1350 687 1402; x_wconf 73' lang='lat' dir='ltr'>vegetationis</span> <span class='ocrx_word' id='word_1_173' title='bbox 709 1352 878 1391; x_wconf 87' lang='lat' dir='ltr'>omnino</span> <span class='ocrx_word' id='word_1_174' title='bbox 894 1352 1220 1399; x_wconf 68' lang='lat' dir='ltr'><strong>diversissimae,</strong></span> <span class='ocrx_word' id='word_1_175' title='bbox 1255 1353 1354 1391; x_wconf 85' lang='lat' dir='ltr'>inde</span> <span class='ocrx_word' id='word_1_176' title='bbox 1380 1368 1400 1392; x_wconf 88' lang='lat' dir='ltr'>a</span> <span class='ocrx_word' id='word_1_177' title='bbox 1426 1353 1613 1392; x_wconf 85' lang='lat' dir='ltr'>sontibus</span> <span class='ocrx_word' id='word_1_178' title='bbox 1635 1367 1705 1392; x_wconf 87' lang='lat' dir='ltr'>us-</span> 
     </span>
     <span class='ocr_line' id='line_1_22' title="bbox 209 1406 1708 1460; baseline 0.004 -18"><span class='ocrx_word' id='word_1_179' title='bbox 209 1418 292 1458; x_wconf 90' lang='lat' dir='ltr'>que</span> <span class='ocrx_word' id='word_1_180' title='bbox 321 1407 372 1445; x_wconf 87' lang='lat' dir='ltr'>ad</span> <span class='ocrx_word' id='word_1_181' title='bbox 403 1406 621 1458; x_wconf 74' lang='lat' dir='ltr'>planitiem</span> <span class='ocrx_word' id='word_1_182' title='bbox 656 1409 936 1448; x_wconf 71' lang='lat' dir='ltr'>amazonicam</span> <span class='ocrx_word' id='word_1_183' title='bbox 973 1407 1125 1448; x_wconf 81' lang='lat' dir='ltr'>fluvios</span> <span class='ocrx_word' id='word_1_184' title='bbox 1158 1409 1493 1449; x_wconf 83' lang='lat' dir='ltr'>concomitantis.</span> <span class='ocrx_word' id='word_1_185' title='bbox 1550 1408 1708 1460; x_wconf 84' lang='lat' dir='ltr'>Naja-</span> 
     </span>
     <span class='ocr_line' id='line_1_23' title="bbox 209 1460 1704 1517; baseline 0.003 -19"><span class='ocrx_word' id='word_1_186' title='bbox 209 1460 304 1499; x_wconf 82' lang='lat' dir='ltr'>des</span> <span class='ocrx_word' id='word_1_187' title='bbox 337 1463 591 1514; x_wconf 81' lang='lat' dir='ltr'>gramina</span> <span class='ocrx_word' id='word_1_188' title='bbox 622 1463 672 1501; x_wconf 81' lang='lat' dir='ltr'>ad</span> <span class='ocrx_word' id='word_1_189' title='bbox 702 1464 841 1516; x_wconf 76' lang='lat' dir='ltr'>ripas,</span> <span class='ocrx_word' id='word_1_190' title='bbox 901 1466 1089 1511; x_wconf 78' lang='lat' dir='ltr'>canales,</span> <span class='ocrx_word' id='word_1_191' title='bbox 1141 1467 1339 1517; x_wconf 86' lang='lat' dir='ltr'>lacusque</span> <span class='ocrx_word' id='word_1_192' title='bbox 1374 1463 1557 1503; x_wconf 87' lang='lat' dir='ltr'>fluminis</span> <span class='ocrx_word' id='word_1_193' title='bbox 1583 1465 1704 1502; x_wconf 88' lang='lat' dir='ltr'>Ama-</span> 
     </span>
     <span class='ocr_line' id='line_1_24' title="bbox 209 1517 1709 1574; baseline 0.002 -19"><span class='ocrx_word' id='word_1_194' title='bbox 209 1530 362 1556; x_wconf 89' lang='lat' dir='ltr'>zonum</span> <span class='ocrx_word' id='word_1_195' title='bbox 387 1517 614 1557; x_wconf 68' lang='lat' dir='ltr'>habitantia</span> <span class='ocrx_word' id='word_1_196' title='bbox 639 1530 866 1572; x_wconf 84' lang='lat' dir='ltr'>propterca</span> <span class='ocrx_word' id='word_1_197' title='bbox 897 1521 1004 1565; x_wconf 77' lang='lat' dir='ltr'>dixi,</span> <span class='ocrx_word' id='word_1_198' title='bbox 1047 1522 1160 1574; x_wconf 86' lang='lat' dir='ltr'>quod</span> <span class='ocrx_word' id='word_1_199' title='bbox 1186 1521 1318 1574; x_wconf 78' lang='lat' dir='ltr'>magis</span> <span class='ocrx_word' id='word_1_200' title='bbox 1347 1535 1468 1574; x_wconf 85' lang='lat' dir='ltr'>quam</span> <span class='ocrx_word' id='word_1_201' title='bbox 1494 1520 1573 1559; x_wconf 85' lang='lat' dir='ltr'>alia</span> <span class='ocrx_word' id='word_1_202' title='bbox 1610 1519 1709 1558; x_wconf 87' lang='lat' dir='ltr'>sub-</span> 
     </span>
     <span class='ocr_line' id='line_1_25' title="bbox 207 1572 1708 1629; baseline 0.001 -17"><span class='ocrx_word' id='word_1_203' title='bbox 207 1572 317 1625; x_wconf 82' lang='lat' dir='ltr'>jecta</span> <span class='ocrx_word' id='word_1_204' title='bbox 359 1574 442 1612; x_wconf 89' lang='lat' dir='ltr'>sint</span> <span class='ocrx_word' id='word_1_205' title='bbox 482 1589 681 1627; x_wconf 85' lang='lat' dir='ltr'>aquarum</span> <span class='ocrx_word' id='word_1_206' title='bbox 722 1576 892 1615; x_wconf 83' lang='lat' dir='ltr'>actioni.</span> <span class='ocrx_word' id='word_1_207' title='bbox 972 1578 1109 1616; x_wconf 76' lang='lat' dir='ltr'>Pauca</span> <span class='ocrx_word' id='word_1_208' title='bbox 1143 1577 1280 1629; x_wconf 84' lang='lat' dir='ltr'>sylvas</span> <span class='ocrx_word' id='word_1_209' title='bbox 1321 1578 1555 1629; x_wconf 84' lang='lat' dir='ltr'>primaevas</span> <span class='ocrx_word' id='word_1_210' title='bbox 1595 1575 1708 1628; x_wconf 83' lang='lat' dir='ltr'>juxta</span> 
     </span>
     <span class='ocr_line' id='line_1_26' title="bbox 207 1628 1710 1685; baseline 0.001 -18"><span class='ocrx_word' id='word_1_211' title='bbox 207 1628 320 1669; x_wconf 80' lang='lat' dir='ltr'>hunc</span> <span class='ocrx_word' id='word_1_212' title='bbox 345 1628 516 1668; x_wconf 87' lang='lat' dir='ltr'>fluvium</span> <span class='ocrx_word' id='word_1_213' title='bbox 546 1631 801 1677; x_wconf 62' lang='lat' dir='ltr'>inhabitant,</span> <span class='ocrx_word' id='word_1_214' title='bbox 833 1633 959 1671; x_wconf 89' lang='lat' dir='ltr'>immo</span> <span class='ocrx_word' id='word_1_215' title='bbox 984 1634 1050 1672; x_wconf 77' lang='lat' dir='ltr'>vel</span> <span class='ocrx_word' id='word_1_216' title='bbox 1085 1633 1127 1670; x_wconf 90' lang='lat' dir='ltr'>in</span> <span class='ocrx_word' id='word_1_217' title='bbox 1157 1633 1229 1671; x_wconf 91' lang='lat' dir='ltr'>illo</span> <span class='ocrx_word' id='word_1_218' title='bbox 1263 1641 1399 1672; x_wconf 83' lang='lat' dir='ltr'>tractu</span> <span class='ocrx_word' id='word_1_219' title='bbox 1424 1632 1595 1678; x_wconf 82' lang='lat' dir='ltr'><strong>desunt,</strong></span> <span class='ocrx_word' id='word_1_220' title='bbox 1638 1631 1710 1685; x_wconf 90' lang='lat' dir='ltr'>qui</span> 
     </span>
     <span class='ocr_line' id='line_1_27' title="bbox 209 1684 1710 1740; baseline 0.001 -17"><span class='ocrx_word' id='word_1_221' title='bbox 209 1685 330 1738; x_wconf 84' lang='lat' dir='ltr'>aquis</span> <span class='ocrx_word' id='word_1_222' title='bbox 363 1684 565 1725; x_wconf 86' lang='lat' dir='ltr'>finitimus</span> <span class='ocrx_word' id='word_1_223' title='bbox 605 1689 827 1740; x_wconf 76' lang='lat' dir='ltr'>quotannis</span> <span class='ocrx_word' id='word_1_224' title='bbox 868 1689 1204 1729; x_wconf 75' lang='lat' dir='ltr'>increscentibus</span> <span class='ocrx_word' id='word_1_225' title='bbox 1235 1687 1430 1728; x_wconf 86' lang='lat' dir='ltr'>fluctibus</span> <span class='ocrx_word' id='word_1_226' title='bbox 1470 1687 1710 1733; x_wconf 79' lang='lat' dir='ltr'>inundatur,</span> 
     </span>
     <span class='ocr_line' id='line_1_28' title="bbox 211 1740 1710 1797; baseline 0.001 -18"><span class='ocrx_word' id='word_1_227' title='bbox 211 1740 262 1779; x_wconf 83' lang='lat' dir='ltr'>ab</span> <span class='ocrx_word' id='word_1_228' title='bbox 298 1742 452 1781; x_wconf 85' lang='lat' dir='ltr'>accolis</span> <span class='ocrx_word' id='word_1_229' title='bbox 481 1741 601 1780; x_wconf 61' lang='lat' dir='ltr'>(jabo</span> <span class='ocrx_word' id='word_1_230' title='bbox 634 1743 784 1783; x_wconf 81' lang='lat' dir='ltr'>dictus.</span> <span class='ocrx_word' id='word_1_231' title='bbox 844 1745 994 1784; x_wconf 76' lang='lat' dir='ltr'>Amant</span> <span class='ocrx_word' id='word_1_232' title='bbox 1034 1759 1137 1784; x_wconf 84' lang='lat' dir='ltr'>vero</span> <span class='ocrx_word' id='word_1_233' title='bbox 1166 1745 1268 1784; x_wconf 84' lang='lat' dir='ltr'>haec</span> <span class='ocrx_word' id='word_1_234' title='bbox 1299 1744 1483 1797; x_wconf 81' lang='lat' dir='ltr'>gramina</span> <span class='ocrx_word' id='word_1_235' title='bbox 1514 1757 1599 1782; x_wconf 89' lang='lat' dir='ltr'>non</span> <span class='ocrx_word' id='word_1_236' title='bbox 1627 1742 1710 1781; x_wconf 87' lang='lat' dir='ltr'>nisi</span> 
     </span>
     <span class='ocr_line' id='line_1_29' title="bbox 212 1797 1710 1852; baseline 0.001 -17"><span class='ocrx_word' id='word_1_237' title='bbox 212 1805 421 1836; x_wconf 81' lang='lat' dir='ltr'>extremas</span> <span class='ocrx_word' id='word_1_238' title='bbox 454 1799 591 1851; x_wconf 75' lang='lat' dir='ltr'>ripas,</span> <span class='ocrx_word' id='word_1_239' title='bbox 640 1799 796 1839; x_wconf 86' lang='lat' dir='ltr'>insulas</span> <span class='ocrx_word' id='word_1_240' title='bbox 826 1801 869 1839; x_wconf 87' lang='lat' dir='ltr'>in</span> <span class='ocrx_word' id='word_1_241' title='bbox 907 1800 1076 1840; x_wconf 71' lang='lat' dir='ltr'>{lumine</span> <span class='ocrx_word' id='word_1_242' title='bbox 1103 1814 1348 1839; x_wconf 86' lang='lat' dir='ltr'>numerosas</span> <span class='ocrx_word' id='word_1_243' title='bbox 1377 1809 1418 1839; x_wconf 86' lang='lat' dir='ltr'>et</span> <span class='ocrx_word' id='word_1_244' title='bbox 1444 1809 1579 1852; x_wconf 82' lang='lat' dir='ltr'>syrtes</span> <span class='ocrx_word' id='word_1_245' title='bbox 1605 1797 1710 1846; x_wconf 90' lang='lat' dir='ltr'><em>(Co-</em></span> 
     </span>
     <span class='ocr_line' id='line_1_30' title="bbox 211 1851 1711 1909; baseline 0.001 -18"><span class='ocrx_word' id='word_1_246' title='bbox 211 1866 338 1904; x_wconf 79' lang='lat' dir='ltr'>roas,</span> <span class='ocrx_word' id='word_1_247' title='bbox 370 1851 591 1908; x_wconf 65' lang='lat' dir='ltr'>Prayus),</span> <span class='ocrx_word' id='word_1_248' title='bbox 625 1869 730 1908; x_wconf 83' lang='lat' dir='ltr'>quae</span> <span class='ocrx_word' id='word_1_249' title='bbox 773 1856 1071 1897; x_wconf 80' lang='lat' dir='ltr'>(lescrescentc</span> <span class='ocrx_word' id='word_1_250' title='bbox 1109 1854 1280 1895; x_wconf 83' lang='lat' dir='ltr'>flumine</span> <span class='ocrx_word' id='word_1_251' title='bbox 1315 1857 1524 1909; x_wconf 81' lang='lat' dir='ltr'>extemplo</span> <span class='ocrx_word' id='word_1_252' title='bbox 1558 1855 1711 1893; x_wconf 82' lang='lat' dir='ltr'>iterum</span> 
     </span>
     <span class='ocr_line' id='line_1_31' title="bbox 212 1909 1710 1965; baseline 0.001 -18"><span class='ocrx_word' id='word_1_253' title='bbox 212 1910 328 1958; x_wconf 83' lang='lat' dir='ltr'>aquis</span> <span class='ocrx_word' id='word_1_254' title='bbox 358 1909 634 1949; x_wconf 82' lang='lat' dir='ltr'>denudantur.</span> <span class='ocrx_word' id='word_1_255' title='bbox 695 1912 777 1953; x_wconf 84' lang='lat' dir='ltr'>Vix</span> <span class='ocrx_word' id='word_1_256' title='bbox 815 1912 1011 1953; x_wconf 79' lang='lat' dir='ltr'>{luctibus</span> <span class='ocrx_word' id='word_1_257' title='bbox 1051 1926 1238 1952; x_wconf 81' lang='lat' dir='ltr'>emersae</span> <span class='ocrx_word' id='word_1_258' title='bbox 1263 1912 1391 1951; x_wconf 82' lang='lat' dir='ltr'>viridi</span> <span class='ocrx_word' id='word_1_259' title='bbox 1425 1919 1623 1965; x_wconf 81' lang='lat' dir='ltr'>teguntur</span> <span class='ocrx_word' id='word_1_260' title='bbox 1653 1919 1710 1949; x_wconf 84' lang='lat' dir='ltr'>ta-</span> 
     </span>
     <span class='ocr_line' id='line_1_32' title="bbox 210 1966 1710 2022; baseline 0.001 -19"><span class='ocrx_word' id='word_1_261' title='bbox 210 1974 311 2019; x_wconf 83' lang='lat' dir='ltr'>pete</span> <span class='ocrx_word' id='word_1_262' title='bbox 345 1966 402 2004; x_wconf 82' lang='lat' dir='ltr'>ita</span> <span class='ocrx_word' id='word_1_263' title='bbox 435 1967 588 2011; x_wconf 80' lang='lat' dir='ltr'>denso,</span> <span class='ocrx_word' id='word_1_264' title='bbox 656 1978 701 2007; x_wconf 88' lang='lat' dir='ltr'>ut</span> <span class='ocrx_word' id='word_1_265' title='bbox 737 1969 896 2007; x_wconf 84' lang='lat' dir='ltr'>culmus</span> <span class='ocrx_word' id='word_1_266' title='bbox 934 1970 1111 2008; x_wconf 79' lang='lat' dir='ltr'>culmum</span> <span class='ocrx_word' id='word_1_267' title='bbox 1145 1977 1331 2022; x_wconf 81' lang='lat' dir='ltr'>premat3</span> <span class='ocrx_word' id='word_1_268' title='bbox 1362 1967 1634 2006; x_wconf 86' lang='lat' dir='ltr'>nihilominus</span> <span class='ocrx_word' id='word_1_269' title='bbox 1666 1966 1710 2004; x_wconf 86' lang='lat' dir='ltr'>in</span> 
     </span>
     <span class='ocr_line' id='line_1_33' title="bbox 213 2022 1711 2077; baseline -0.001 -17"><span class='ocrx_word' id='word_1_270' title='bbox 213 2030 393 2073; x_wconf 81' lang='lat' dir='ltr'>quatuor</span> <span class='ocrx_word' id='word_1_271' title='bbox 425 2022 551 2061; x_wconf 86' lang='lat' dir='ltr'>immo</span> <span class='ocrx_word' id='word_1_272' title='bbox 578 2037 650 2061; x_wconf 84' lang='lat' dir='ltr'>sex</span> <span class='ocrx_word' id='word_1_273' title='bbox 676 2024 830 2077; x_wconf 84' lang='lat' dir='ltr'>pedum</span> <span class='ocrx_word' id='word_1_274' title='bbox 852 2025 1113 2063; x_wconf 66' lang='lat' dir='ltr'>altitudinem</span> <span class='ocrx_word' id='word_1_275' title='bbox 1140 2024 1395 2071; x_wconf 84' lang='lat' dir='ltr'>evehuntur,</span> <span class='ocrx_word' id='word_1_276' title='bbox 1430 2033 1470 2061; x_wconf 77' lang='lat' dir='ltr'>et</span> <span class='ocrx_word' id='word_1_277' title='bbox 1492 2032 1711 2075; x_wconf 81' lang='lat' dir='ltr'>antequam</span> 
     </span>
     <span class='ocr_line' id='line_1_34' title="bbox 211 2075 1714 2133; baseline -0.001 -17"><span class='ocrx_word' id='word_1_278' title='bbox 211 2075 368 2116; x_wconf 85' lang='lat' dir='ltr'>flumen</span> <span class='ocrx_word' id='word_1_279' title='bbox 397 2079 438 2117; x_wconf 88' lang='lat' dir='ltr'>in</span> <span class='ocrx_word' id='word_1_280' title='bbox 475 2093 677 2118; x_wconf 86' lang='lat' dir='ltr'>summum</span> <span class='ocrx_word' id='word_1_281' title='bbox 727 2080 939 2133; x_wconf 75' lang='lat' dir='ltr'>fastigium</span> <span class='ocrx_word' id='word_1_282' title='bbox 985 2081 1138 2119; x_wconf 82' lang='lat' dir='ltr'>iterum</span> <span class='ocrx_word' id='word_1_283' title='bbox 1174 2080 1385 2119; x_wconf 86' lang='lat' dir='ltr'>increscat</span> <span class='ocrx_word' id='word_1_284' title='bbox 1415 2088 1457 2118; x_wconf 87' lang='lat' dir='ltr'>et</span> <span class='ocrx_word' id='word_1_285' title='bbox 1483 2078 1639 2118; x_wconf 83' lang='lat' dir='ltr'>florent</span> <span class='ocrx_word' id='word_1_286' title='bbox 1669 2085 1714 2115; x_wconf 87' lang='lat' dir='ltr'>et</span> 
     </span>
     <span class='ocr_line' id='line_1_35' title="bbox 215 2134 1712 2188; baseline -0.001 -16"><span class='ocrx_word' id='word_1_287' title='bbox 215 2134 374 2173; x_wconf 87' lang='lat' dir='ltr'>semina</span> <span class='ocrx_word' id='word_1_288' title='bbox 415 2136 530 2187; x_wconf 80' lang='lat' dir='ltr'>large</span> <span class='ocrx_word' id='word_1_289' title='bbox 566 2134 807 2188; x_wconf 84' lang='lat' dir='ltr'>perficiunt.</span> <span class='ocrx_word' id='word_1_290' title='bbox 867 2137 933 2174; x_wconf 70' lang='lat' dir='ltr'>Ad</span> <span class='ocrx_word' id='word_1_291' title='bbox 970 2137 1082 2188; x_wconf 84' lang='lat' dir='ltr'>ripas</span> <span class='ocrx_word' id='word_1_292' title='bbox 1126 2135 1451 2183; x_wconf 81' lang='lat' dir='ltr'>confluentium,</span> <span class='ocrx_word' id='word_1_293' title='bbox 1497 2145 1621 2186; x_wconf 85' lang='lat' dir='ltr'>saepe</span> <span class='ocrx_word' id='word_1_294' title='bbox 1649 2141 1712 2171; x_wconf 90' lang='lat' dir='ltr'>sat</span> 
     </span>
     <span class='ocr_line' id='line_1_36' title="bbox 215 2190 1709 2245; baseline -0.001 -16"><span class='ocrx_word' id='word_1_295' title='bbox 215 2190 318 2229; x_wconf 83' lang='lat' dir='ltr'>altas</span> <span class='ocrx_word' id='word_1_296' title='bbox 356 2200 479 2244; x_wconf 81' lang='lat' dir='ltr'>atque</span> <span class='ocrx_word' id='word_1_297' title='bbox 510 2192 765 2243; x_wconf 75' lang='lat' dir='ltr'>praecipites</span> <span class='ocrx_word' id='word_1_298' title='bbox 791 2192 974 2245; x_wconf 78' lang='lat' dir='ltr'>ideoque</span> <span class='ocrx_word' id='word_1_299' title='bbox 1001 2192 1170 2230; x_wconf 84' lang='lat' dir='ltr'>omnino</span> <span class='ocrx_word' id='word_1_300' title='bbox 1199 2192 1268 2231; x_wconf 82' lang='lat' dir='ltr'>vix</span> <span class='ocrx_word' id='word_1_301' title='bbox 1293 2192 1551 2236; x_wconf 87' lang='lat' dir='ltr'>submersas,</span> <span class='ocrx_word' id='word_1_302' title='bbox 1584 2201 1709 2242; x_wconf 90' lang='lat' dir='ltr'>quae-</span> 
     </span>
     <span class='ocr_line' id='line_1_37' title="bbox 214 2245 1711 2299; baseline -0.002 -14"><span class='ocrx_word' id='word_1_303' title='bbox 214 2245 308 2285; x_wconf 79' lang='lat' dir='ltr'>dam</span> <span class='ocrx_word' id='word_1_304' title='bbox 349 2246 535 2299; x_wconf 82' lang='lat' dir='ltr'>gramina</span> <span class='ocrx_word' id='word_1_305' title='bbox 575 2248 753 2286; x_wconf 74' lang='lat' dir='ltr'>subinde</span> <span class='ocrx_word' id='word_1_306' title='bbox 786 2249 928 2287; x_wconf 82' lang='lat' dir='ltr'>densis</span> <span class='ocrx_word' id='word_1_307' title='bbox 958 2257 999 2286; x_wconf 90' lang='lat' dir='ltr'>et</span> <span class='ocrx_word' id='word_1_308' title='bbox 1040 2248 1238 2287; x_wconf 82' lang='lat' dir='ltr'>solitariis</span> <span class='ocrx_word' id='word_1_309' title='bbox 1262 2247 1516 2299; x_wconf 80' lang='lat' dir='ltr'>caespitibus</span> <span class='ocrx_word' id='word_1_310' title='bbox 1542 2245 1711 2298; x_wconf 83' lang='lat' dir='ltr'>degunt,</span> 
     </span>
     <span class='ocr_line' id='line_1_38' title="bbox 212 2300 1712 2362; baseline -0.002 -21"><span class='ocrx_word' id='word_1_311' title='bbox 212 2315 292 2355; x_wconf 87' lang='lat' dir='ltr'>per</span> <span class='ocrx_word' id='word_1_312' title='bbox 313 2303 556 2341; x_wconf 83' lang='lat' dir='ltr'>universum</span> <span class='ocrx_word' id='word_1_313' title='bbox 585 2318 761 2351; x_wconf 70' lang='lat' dir='ltr'>annum,</span> <span class='ocrx_word' id='word_1_314' title='bbox 795 2304 848 2343; x_wconf 91' lang='lat' dir='ltr'>ob</span> <span class='ocrx_word' id='word_1_315' title='bbox 881 2305 1099 2342; x_wconf 81' lang='lat' dir='ltr'>humorem</span> <span class='ocrx_word' id='word_1_316' title='bbox 1136 2302 1443 2349; x_wconf 78' lang='lat' dir='ltr'>sufficientem,</span> <span class='ocrx_word' id='word_1_317' title='bbox 1484 2300 1712 2362; x_wconf 70' lang='lat' dir='ltr'>laetissime</span> 
     </span>
     <span class='ocr_line' id='line_1_39' title="bbox 214 2354 1712 2412; baseline -0.002 -15"><span class='ocrx_word' id='word_1_318' title='bbox 214 2359 467 2411; x_wconf 82' lang='lat' dir='ltr'>vegetantia.</span> <span class='ocrx_word' id='word_1_319' title='bbox 538 2360 631 2399; x_wconf 81' lang='lat' dir='ltr'>Huc</span> <span class='ocrx_word' id='word_1_320' title='bbox 673 2360 796 2398; x_wconf 76' lang='lat' dir='ltr'>eliam</span> <span class='ocrx_word' id='word_1_321' title='bbox 833 2361 1048 2412; x_wconf 63' lang='lat' dir='ltr'>pet-tinent</span> <span class='ocrx_word' id='word_1_322' title='bbox 1093 2360 1276 2412; x_wconf 80' lang='lat' dir='ltr'>gramina</span> <span class='ocrx_word' id='word_1_323' title='bbox 1323 2359 1483 2397; x_wconf 87' lang='lat' dir='ltr'>insulae</span> <span class='ocrx_word' id='word_1_324' title='bbox 1527 2354 1712 2407; x_wconf 72' lang='lat' dir='ltr'>Marayo&#39;</span> 
     </span>
     <span class='ocr_line' id='line_1_40' title="bbox 213 2414 1713 2469; baseline -0.002 -16"><span class='ocrx_word' id='word_1_325' title='bbox 213 2415 411 2467; x_wconf 73' lang='lat' dir='ltr'>propria,</span> <span class='ocrx_word' id='word_1_326' title='bbox 446 2415 562 2467; x_wconf 56' lang='lat' dir='ltr'>cuius</span> <span class='ocrx_word' id='word_1_327' title='bbox 589 2430 685 2467; x_wconf 82' lang='lat' dir='ltr'>pars</span> <span class='ocrx_word' id='word_1_328' title='bbox 718 2416 1139 2455; x_wconf 74' lang='lat' dir='ltr'>orientali-borealis</span> <span class='ocrx_word' id='word_1_329' title='bbox 1156 2414 1368 2469; x_wconf 84' lang='lat' dir='ltr'>paludosis</span> <span class='ocrx_word' id='word_1_330' title='bbox 1392 2414 1550 2466; x_wconf 83' lang='lat' dir='ltr'>pratis,</span> <span class='ocrx_word' id='word_1_331' title='bbox 1583 2425 1713 2465; x_wconf 88' lang='lat' dir='ltr'>equo-</span> 
     </span>
     <span class='ocr_line' id='line_1_41' title="bbox 214 2468 1712 2525; baseline -0.002 -16"><span class='ocrx_word' id='word_1_332' title='bbox 214 2484 308 2509; x_wconf 83' lang='lat' dir='ltr'>rum</span> <span class='ocrx_word' id='word_1_333' title='bbox 338 2471 492 2509; x_wconf 86' lang='lat' dir='ltr'>eximio</span> <span class='ocrx_word' id='word_1_334' title='bbox 518 2485 700 2523; x_wconf 86' lang='lat' dir='ltr'>pascuo,</span> <span class='ocrx_word' id='word_1_335' title='bbox 733 2473 892 2511; x_wconf 80' lang='lat' dir='ltr'>consita</span> <span class='ocrx_word' id='word_1_336' title='bbox 933 2482 995 2511; x_wconf 79' lang='lat' dir='ltr'>est</span> <span class='ocrx_word' id='word_1_337' title='bbox 1029 2481 1154 2525; x_wconf 83' lang='lat' dir='ltr'>atque</span> <span class='ocrx_word' id='word_1_338' title='bbox 1191 2471 1296 2510; x_wconf 86' lang='lat' dir='ltr'>loeis</span> <span class='ocrx_word' id='word_1_339' title='bbox 1321 2469 1542 2523; x_wconf 82' lang='lat' dir='ltr'>uliginosis</span> <span class='ocrx_word' id='word_1_340' title='bbox 1581 2468 1712 2507; x_wconf 86' lang='lat' dir='ltr'>densa</span> 
     </span>
     <span class='ocr_line' id='line_1_42' title="bbox 217 2523 1709 2581; baseline -0.002 -16"><span class='ocrx_word' id='word_1_341' title='bbox 217 2540 345 2580; x_wconf 88' lang='lat' dir='ltr'>saepe</span> <span class='ocrx_word' id='word_1_342' title='bbox 390 2527 736 2566; x_wconf 70' lang='lat' dir='ltr'>Scitaminearum</span> <span class='ocrx_word' id='word_1_343' title='bbox 781 2529 943 2581; x_wconf 79' lang='lat' dir='ltr'>agmina</span> <span class='ocrx_word' id='word_1_344' title='bbox 984 2527 1262 2577; x_wconf 72' lang='lat' dir='ltr'>(Mondogos</span> <span class='ocrx_word' id='word_1_345' title='bbox 1302 2526 1476 2575; x_wconf 83' lang='lat' dir='ltr'>dicunt)</span> <span class='ocrx_word' id='word_1_346' title='bbox 1518 2523 1709 2577; x_wconf 80' lang='lat' dir='ltr'>profert3</span> 
     </span>
     <span class='ocr_line' id='line_1_43' title="bbox 215 2580 1708 2636; baseline -0.003 -14"><span class='ocrx_word' id='word_1_347' title='bbox 215 2596 296 2622; x_wconf 81' lang='lat' dir='ltr'>nec</span> <span class='ocrx_word' id='word_1_348' title='bbox 322 2597 407 2621; x_wconf 89' lang='lat' dir='ltr'>non</span> <span class='ocrx_word' id='word_1_349' title='bbox 419 2597 493 2621; x_wconf 73' lang='lat' dir='ltr'>eae</span> <span class='ocrx_word' id='word_1_350' title='bbox 524 2598 627 2635; x_wconf 83' lang='lat' dir='ltr'>quae</span> <span class='ocrx_word' id='word_1_351' title='bbox 654 2584 695 2621; x_wconf 89' lang='lat' dir='ltr'>in</span> <span class='ocrx_word' id='word_1_352' title='bbox 722 2585 878 2636; x_wconf 86' lang='lat' dir='ltr'>eampis</span> <span class='ocrx_word' id='word_1_353' title='bbox 902 2593 1100 2623; x_wconf 79' lang='lat' dir='ltr'>crescunt</span> <span class='ocrx_word' id='word_1_354' title='bbox 1122 2583 1218 2622; x_wconf 84' lang='lat' dir='ltr'>inde</span> <span class='ocrx_word' id='word_1_355' title='bbox 1241 2598 1263 2622; x_wconf 83' lang='lat' dir='ltr'>a</span> <span class='ocrx_word' id='word_1_356' title='bbox 1286 2581 1378 2634; x_wconf 81' lang='lat' dir='ltr'>ripa</span> <span class='ocrx_word' id='word_1_357' title='bbox 1404 2580 1521 2620; x_wconf 86' lang='lat' dir='ltr'>fluvii</span> <span class='ocrx_word' id='word_1_358' title='bbox 1537 2580 1708 2618; x_wconf 83' lang='lat' dir='ltr'>Amazo-</span> 
     </span>
     <span class='ocr_line' id='line_1_44' title="bbox 213 2635 1710 2691; baseline -0.003 -14"><span class='ocrx_word' id='word_1_359' title='bbox 213 2652 313 2677; x_wconf 86' lang='lat' dir='ltr'>num</span> <span class='ocrx_word' id='word_1_360' title='bbox 338 2638 500 2677; x_wconf 80' lang='lat' dir='ltr'>boreali</span> <span class='ocrx_word' id='word_1_361' title='bbox 524 2641 604 2677; x_wconf 84' lang='lat' dir='ltr'>late</span> <span class='ocrx_word' id='word_1_362' title='bbox 630 2638 809 2678; x_wconf 79' lang='lat' dir='ltr'>diffusis.</span> <span class='ocrx_word' id='word_1_363' title='bbox 868 2642 1043 2678; x_wconf 81' lang='lat' dir='ltr'>Multum</span> <span class='ocrx_word' id='word_1_364' title='bbox 1079 2640 1181 2678; x_wconf 85' lang='lat' dir='ltr'>haec</span> <span class='ocrx_word' id='word_1_365' title='bbox 1202 2669 1211 2686; x_wconf 87' lang='lat'>‚</span> <span class='ocrx_word' id='word_1_366' title='bbox 1252 2637 1389 2691; x_wconf 85' lang='lat' dir='ltr'>quoad</span> <span class='ocrx_word' id='word_1_367' title='bbox 1416 2637 1601 2675; x_wconf 85' lang='lat' dir='ltr'>habitum</span> <span class='ocrx_word' id='word_1_368' title='bbox 1619 2664 1629 2680; x_wconf 76' lang='grc'>,</span> <span class='ocrx_word' id='word_1_369' title='bbox 1660 2635 1710 2673; x_wconf 89' lang='lat' dir='ltr'>il-</span> 
     </span>
     <span class='ocr_line' id='line_1_45' title="bbox 184 2691 1710 2748; baseline -0.003 -15"><span class='ocrx_word' id='word_1_370' title='bbox 184 2720 190 2733; x_wconf 62' lang='lat' dir='ltr'><strong><em>s</em></strong></span> <span class='ocrx_word' id='word_1_371' title='bbox 214 2694 269 2733; x_wconf 87' lang='lat' dir='ltr'>lis</span> <span class='ocrx_word' id='word_1_372' title='bbox 291 2695 547 2747; x_wconf 77' lang='lat' dir='ltr'>graminibus</span> <span class='ocrx_word' id='word_1_373' title='bbox 570 2725 579 2741; x_wconf 88' lang='lat'>‚</span> <span class='ocrx_word' id='word_1_374' title='bbox 614 2710 717 2748; x_wconf 74' lang='lat' dir='ltr'>quac</span> <span class='ocrx_word' id='word_1_375' title='bbox 752 2696 794 2733; x_wconf 92' lang='lat' dir='ltr'>in</span> <span class='ocrx_word' id='word_1_376' title='bbox 821 2696 978 2748; x_wconf 85' lang='lat' dir='ltr'>campis</span> <span class='ocrx_word' id='word_1_377' title='bbox 1006 2696 1065 2734; x_wconf 85' lang='lat' dir='ltr'>sic</span> <span class='ocrx_word' id='word_1_378' title='bbox 1095 2695 1218 2734; x_wconf 81' lang='lat' dir='ltr'>(lictis</span> <span class='ocrx_word' id='word_1_379' title='bbox 1244 2693 1478 2746; x_wconf 79' lang='lat' dir='ltr'>agrestibus</span> <span class='ocrx_word' id='word_1_380' title='bbox 1509 2691 1710 2736; x_wconf 84' lang='lat' dir='ltr'>habitant,</span> 
     </span>
     <span class='ocr_line' id='line_1_46' title="bbox 219 2747 1713 2804; baseline -0.003 -15"><span class='ocrx_word' id='word_1_381' title='bbox 219 2759 316 2789; x_wconf 86' lang='lat' dir='ltr'>sunt</span> <span class='ocrx_word' id='word_1_382' title='bbox 350 2751 513 2789; x_wconf 80' lang='lat' dir='ltr'>similia.</span> <span class='ocrx_word' id='word_1_383' title='bbox 574 2751 771 2804; x_wconf 70' lang='lat' dir='ltr'>Denique</span> <span class='ocrx_word' id='word_1_384' title='bbox 804 2752 894 2791; x_wconf 85' lang='lat' dir='ltr'>loca</span> <span class='ocrx_word' id='word_1_385' title='bbox 930 2751 1153 2790; x_wconf 77' lang='lat' dir='ltr'>arboribus</span> <span class='ocrx_word' id='word_1_386' title='bbox 1185 2749 1417 2795; x_wconf 75' lang='lat' dir='ltr'>denudata,</span> <span class='ocrx_word' id='word_1_387' title='bbox 1467 2757 1511 2786; x_wconf 88' lang='lat' dir='ltr'>ut</span> <span class='ocrx_word' id='word_1_388' title='bbox 1549 2747 1591 2784; x_wconf 89' lang='lat' dir='ltr'>in</span> <span class='ocrx_word' id='word_1_389' title='bbox 1627 2747 1713 2786; x_wconf 89' lang='lat' dir='ltr'>cul—</span> 
     </span>
     <span class='ocr_line' id='line_1_47' title="bbox 219 2802 1692 2865; baseline -0.003 -21"><span class='ocrx_word' id='word_1_390' title='bbox 219 2814 339 2844; x_wconf 78' lang='lat' dir='ltr'>turae</span> <span class='ocrx_word' id='word_1_391' title='bbox 368 2821 485 2845; x_wconf 86' lang='lat' dir='ltr'>usum</span> <span class='ocrx_word' id='word_1_392' title='bbox 514 2816 752 2853; x_wconf 77' lang='lat' dir='ltr'>vertantur,</span> <span class='ocrx_word' id='word_1_393' title='bbox 787 2808 971 2859; x_wconf 81' lang='lat' dir='ltr'>gramina</span> <span class='ocrx_word' id='word_1_394' title='bbox 992 2807 1132 2845; x_wconf 78' lang='lat' dir='ltr'>ferunt</span> <span class='ocrx_word' id='word_1_395' title='bbox 1161 2805 1359 2844; x_wconf 87' lang='lat' dir='ltr'>nonnulla</span> <span class='ocrx_word' id='word_1_396' title='bbox 1397 2803 1547 2843; x_wconf 84' lang='lat' dir='ltr'>similia</span> <span class='ocrx_word' id='word_1_397' title='bbox 1578 2802 1692 2865; x_wconf 65' lang='lat' dir='ltr'>Drya</span> 
     </span>
     <span class='ocr_line' id='line_1_48' title="bbox 217 2858 1710 2917; baseline -0.003 -17"><span class='ocrx_word' id='word_1_398' title='bbox 217 2861 364 2911; x_wconf 81' lang='lat' dir='ltr'>dibus,</span> <span class='ocrx_word' id='word_1_399' title='bbox 397 2863 441 2901; x_wconf 89' lang='lat' dir='ltr'>in</span> <span class='ocrx_word' id='word_1_400' title='bbox 463 2862 562 2917; x_wconf 83' lang='lat' dir='ltr'>jugo</span> <span class='ocrx_word' id='word_1_401' title='bbox 594 2864 797 2902; x_wconf 85' lang='lat' dir='ltr'>montium</span> <span class='ocrx_word' id='word_1_402' title='bbox 824 2863 1125 2904; x_wconf 85' lang='lat' dir='ltr'>maritimorum</span> <span class='ocrx_word' id='word_1_403' title='bbox 1163 2861 1437 2917; x_wconf 79' lang='lat' dir='ltr'>(legentibus,</span> <span class='ocrx_word' id='word_1_404' title='bbox 1483 2861 1534 2899; x_wconf 86' lang='lat' dir='ltr'>de</span> <span class='ocrx_word' id='word_1_405' title='bbox 1558 2858 1710 2912; x_wconf 75' lang='lat' dir='ltr'>qulbus</span> 
     </span>
    </p>
   </div>
  </div>
 </body>
</html>
