1788 3183
40 261 163 302 Haud
195 261 294 301 satis
322 260 449 306 haec:
495 259 659 314 frigens
705 258 918 300 ferventia
960 260 1162 301 sacchara
1202 262 1383 304 ahenum

40 333 238 386 Excipit,
270 342 314 372 ut
343 331 521 369 nimium
553 330 710 370 sensim
739 329 947 383 tapefacta
975 330 1159 370 calorem

40 406 296 456 Deponant‚
326 400 593 455 flammisque
623 400 771 454 procul
800 400 988 454 sejuncta
1007 429 1017 448 ‚
1049 415 1248 458 novoque

41 473 253 526 Incipiunt
285 480 448 511 versata
479 471 553 510 diu
583 483 863 510 concrescere
893 480 1024 510 motu.

44 543 299 596 Spissandae
330 542 483 580 mirum
516 541 625 581 valet
657 541 763 580 haec
794 541 969 596 agitatio
1000 555 1182 582 massae:

43 615 248 668 Cogitur,
300 621 342 652 et
383 614 499 652 niotu
539 621 786 666 quasssante
838 611 1027 651 tenacius
1067 612 1239 662 haeret,

43 687 91 724 In
135 684 368 738 glutenque
409 683 521 730 coit,
565 682 804 737 crustisque
850 697 900 722 ex
942 692 1061 736 parte
1099 684 1289 735 rigescit.

152 756 207 795 Ut
250 754 350 793 satis
392 753 622 793 obductum
663 753 844 801 crustis,
889 761 933 792 et
970 766 1082 806 pene
1124 754 1339 810 liquorem

43 825 328 867 Concrevisse
358 825 503 864 vident
532 823 717 863 densatis
746 823 961 875 partibus,
1002 823 1120 863 illum

40 896 271 936 Fictilibus
303 896 490 935 condunt
520 894 696 943 formis,
729 907 835 948 quae
866 893 1044 946 cuspide
1074 903 1219 934 terrae

45 968 285 1014 Insistunt‚
332 979 593 1020 superasque
634 964 724 1004 basi
756 973 980 1006 vertuntur
1009 964 1060 1003 ad
1090 980 1212 1005 auras
1236 995 1247 1015 ,

43 1041 100 1078 Et
129 1038 307 1077 totidem
346 1037 537 1076 inversas
577 1035 773 1075 referunt
812 1035 943 1088 longo
986 1035 1138 1076 ordine
1179 1046 1328 1080 metas.

45 1111 154 1152 Vasa
186 1108 284 1148 dein
319 1108 498 1147 sublime
529 1107 692 1153 locant,
725 1106 952 1160 longisque
982 1116 1197 1159 reponunt

45 1180 296 1227 Asseribus,
328 1193 409 1233 qua
451 1177 608 1217 aditum
646 1176 778 1215 fundo
811 1185 905 1228 apta
934 1176 1143 1216 foramina
1174 1180 1375 1232 pandunt,

43 1251 127 1289 Hic
159 1250 338 1303 positis,
370 1257 486 1287 creta
515 1247 684 1299 replent
714 1261 871 1286 summa
901 1261 974 1287 ora
1004 1249 1217 1299 madenti,

21 1321 290 1374 'Argillaque
322 1320 481 1358 linunt:
512 1332 557 1357 ea
589 1331 657 1356 res
689 1317 884 1357 subfusca
917 1328 1120 1372 repurgat

48 1392 282 1440 sacchara,
314 1399 358 1429 et
387 1389 430 1427 in
461 1389 631 1427 niveum
662 1397 837 1428 revocat
866 1389 997 1427 diluta
1031 1389 1245 1439 colorem,

46 1466 165 1502 Haec
198 1461 326 1510 olim,
356 1460 523 1513 vulgata
552 1458 678 1498 fidem
709 1459 745 1498 si
776 1458 885 1498 fama
914 1469 1128 1508 meretur,

46 1535 160 1573 Alite
191 1532 312 1572 felici
342 1532 509 1571 invanta
540 1539 604 1570 est
635 1543 726 1580 ars3
758 1544 940 1584 namque
970 1539 1183 1583 repertam

48 1605 215 1645 Gallina
254 1611 487 1656 praeeunte
528 1601 692 1648 ferunt,
743 1609 973 1655 cretaeque
1021 1601 1220 1641 linendae

45 1677 415 1717 Commenstrante
446 1686 589 1719 usum,
635 1671 816 1725 pedibus
846 1672 942 1711 dum
972 1671 1085 1711 forte
1115 1671 1266 1712 lutosis

48 1746 274 1786 Percurrit
294 1775 306 1796 ,
337 1745 593 1798 madidoque
625 1742 807 1796 excalpit
835 1743 1033 1782 sacchara
1061 1752 1222 1785 rostro.

52 1820 144 1878 Qua
177 1826 344 1857 cretosa
375 1815 531 1869 pedum
563 1814 706 1867 posuit
735 1813 938 1867 vestigia,
977 1813 1060 1853 late

51 1889 278 1935 Candicat‚
312 1896 354 1927 et
384 1885 564 1939 reliquis
595 1899 690 1938 pars
722 1884 913 1924 discolor
944 1883 1013 1923 illa
1044 1883 1217 1937 pruinas

50 1959 244 2009 Retulit3
293 1958 420 2013 idque
448 1956 600 2010 aliquis
630 1955 776 1994 forsan
807 1955 1047 2007 speculatus
1078 1955 1122 1994 in
1152 1968 1275 1994 usum

48 2031 217 2080 Vertit,
249 2038 292 2069 et
322 2027 481 2067 albenti
511 2027 731 2065 nituerunt
760 2025 954 2066 sacchara
984 2026 1112 2065 cultu.

157 2102 220 2140 Ne
257 2100 395 2138 minus
430 2099 589 2138 eniteat
627 2096 812 2143 candor,
853 2109 933 2135 nec
970 2098 1163 2149 pondera
1198 2096 1326 2137 metis

48 2175 318 2217 Decreseant
346 2169 549 2215 nimium,
581 2177 623 2207 et
652 2167 798 2206 fallant
829 2180 901 2205 sua
932 2176 1027 2206 vota
1065 2166 1271 2217 colonos,

49 2244 176 2283 Haud
206 2250 322 2282 creta
353 2240 555 2280 utendum
583 2248 767 2285 temere,
799 2250 894 2276 cum
927 2237 1122 2277 sacchara
1162 2237 1317 2278 formis

53 2314 136 2355 Vix
171 2313 317 2352 coiere
361 2311 477 2352 suis.
508 2310 674 2363 integra
711 2307 788 2347 sed
819 2308 948 2347 altera
980 2307 1128 2347 saltem

53 2384 333 2438 Expectanda
366 2381 482 2428 dies,
514 2394 596 2435 qua
624 2378 790 2432 frigore
829 2386 918 2417 tota
959 2378 1192 2432 rigescant.

53 2459 178 2503 Mox,
211 2468 292 2509 qua
322 2461 499 2506 pertuso
533 2451 643 2491 vasis
675 2463 770 2502 pars
803 2448 886 2487 ima
924 2447 1123 2488 deorsum

54 2526 260 2580 Pon-gitur
300 2538 323 2563 e
368 2523 533 2570 fulcro,
574 2520 767 2574 rimaque
804 2519 989 2566 fatiscit,
1036 2516 1220 2556 eundum

56 2598 195 2637 Coeea
226 2593 451 2648 bipalmari
490 2600 627 2630 metae
668 2591 744 2630 sub
777 2591 943 2631 viscera
974 2588 1118 2636 clam,

57 2670 113 2708 Ut
142 2668 248 2706 male
282 2664 472 2705 concreti
501 2662 639 2702 latitat
676 2661 971 2715 quodcumque
996 2657 1202 2714 liquoris,

57 2722 148 2779 Hac
178 2736 304 2785 ssuat,
335 2743 378 2774 et
410 2733 551 2774 varios
586 2731 688 2772 alibi
718 2740 914 2773 servetur
945 2731 990 2770 in
1021 2742 1136 2769 usus.

56 2811 151 2850 Hoc
191 2807 264 2849 ubi
300 2803 525 2861 perficies,
568 2802 647 2843 uda
689 2813 776 2845 tum
816 2802 986 2857 pei-line
1035 2807 1175 2850 creta,

1457 152 1538 194 580
