1788 3183
489 149 777 191 Gflnmmnaz.
837 149 1056 190 Pamctm.
1468 150 1554 194 145

32 269 219 325 spiculae
249 267 414 309 cadunt.
474 269 645 322 Spicula
674 270 787 309 linea
816 270 941 323 paulo
967 270 1164 323 longior,
1214 268 1424 322 elliptica,
1469 268 1546 309 ol»

31 334 139 366 tusa.
199 325 375 365 Glumae
410 324 674 376 he1baceae,
717 335 888 373 tenues,
937 326 1065 365 dorso
1108 338 1344 372 convexae,
1379 325 1543 378 giiseo-

29 382 318 431 virescentes,
349 395 438 420 max
442 381 540 434 gine
569 381 762 422 obsolete
798 382 988 422 ciliatae
1021 382 1139 434 apice
1169 381 1281 435 pube
1302 382 1420 420 tenui
1446 381 1541 420 bar

29 437 217 482 hulatae,
250 413 575 490 caeterooquin„
553 438 745 478 σίεὺῑειεε·
776 437 961 477 infelior
986 436 1173 477 flosculis
1202 437 1327 490 paulo
1351 435 1541 485 brevior,

30 502 189 533 mato·
202 493 460 539 lanceolata,
503 493 780 541 acutiuscula,
822 495 1051 544 nineivis3
1100 493 1298 546 superior
1340 489 1544 532 flosculos

29 563 235 603 aequans,
292 549 497 601 elliptica,
543 549 853 592 obtusiuscula,
901 550 1249 603 quinquenervis.
1317 548 1542 588 Flosculus

28 614 182 645 neuter
215 604 444 651 univalvis,
487 606 650 644 valvula
675 593 940 659 longitudine
965 615 1005 644 ct
1037 615 1247 645 stiuctula
1277 605 1439 658 glumae
1474 618 1542 643 su-

28 661 214 725 pciioiis
255 658 509 713 flosculique
559 660 924 714 hermaphioditi,
975 670 1130 701 ovato-
1148 662 1334 724 elliptica
1376 659 1540 702 obtusa

29 717 149 770 apice
192 716 410 755 barbulata
451 731 614 755 sulsum
651 717 946 768 7—9-ne1vi
986 717 1184 756 deorsum
1213 717 1538 771 quinquenervi.

28 773 250 813 Flosculus
274 771 645 824 hermaphroditus
670 772 788 811 albus
805 801 814 819 ,
856 773 1091 825 ellipticus,
1133 773 1308 812 obtusus
1333 787 1425 813 cum
1449 787 1539 811 mu-

27 842 159 870 crone
194 828 351 868 calloso
388 828 606 875 obsoleto,
640 828 831 867 obsolete
855 842 1064 868 nervosus
1098 838 1140 868 et
1169 829 1446 868 subtilissime
1473 843 1543 867 ru-

27 885 223 940 gulosus,
256 884 418 937 rugulis
446 898 534 923 non
569 884 652 923 nisi
671 897 762 937 pez·
777 884 933 924 lentem
964 885 1121 924 sortioi
1125 899 1190 924 em
1213 884 1506 924 observandis.

136 952 320 993 Habitat
353 954 394 992 in
410 951 637 1007 fr'ntzcelis
660 954 868 994 umbrosis
887 969 1025 1009 prope
1054 952 1229 1004 Teiuco.
1283 952 1429 994 Floret
1451 953 1539 993 De

3 1009 197 1050 acembzi.
245 1015 310 1061 ³4.
349 1009 586 1050 Anderexe'
620 1009 735 1050 lusit.
777 1011 826 1060 (a
854 1002 1164 1066 Lanosdorff)
1233 1010 1327 1050 Vidi
1349 1025 1541 1050 racemu

28 1065 118 1107 lum
147 1074 188 1106 et
218 1064 380 1106 iconem
409 1082 430 1106 e
454 1082 585 1106 manu
611 1066 666 1107 cl.
695 1065 837 1119 Trin.)

140 1136 372 1178 Observ.
404 1140 435 1177 I.
494 1140 531 1177 A
565 1147 769 1192 sequente
787 1167 797 1185 ,
841 1138 910 1179 cui
937 1137 1084 1178 habitu
1113 1138 1293 1193 quodam
1319 1147 1360 1178 et
1386 1137 1537 1192 glumis

29 1193 260 1233 barbulatis
291 1193 477 1239 accedit,
512 1194 657 1232 differt
688 1195 863 1248 spiculis
900 1195 1028 1248 duplo
1066 1195 1160 1234 fere
1203 1195 1439 1233 minoribus
1465 1194 1538 1232 ob-

28 1250 131 1289 tusis
147 1268 166 1297 ,>
192 1259 232 1288 ct
261 1249 432 1289 defectu
458 1250 706 1303 appendicis
735 1250 787 1290 ad
813 1251 936 1291 basin
961 1251 1229 1304 superiorem
1256 1249 1425 1290 flosculi
1442 1250 1541 1289 her-

27 1305 305 1359 maphroditi,
347 1306 425 1344 alia
447 1315 492 1344 ut
515 1315 738 1346 taceamus.

141 1376 371 1416 Observ.
403 1379 453 1415 11.
499 1378 601 1415 Cum
624 1377 807 1430 primum
843 1377 893 1416 ab
921 1377 1177 1417 amicissimo
1210 1376 1410 1416 Trinio
1441 1376 1540 1415 icon

31 1432 119 1472 sola
144 1432 268 1485 hujus
302 1432 504 1484 graminis
540 1442 580 1472 et
617 1433 763 1472 brevis
803 1433 1020 1487 diagnosis
1056 1433 1108 1472 ad
1141 1447 1219 1472 nos
1255 1432 1540 1487 pervenisset,

27 1489 101 1528 has
128 1497 276 1528 nostro
299 1488 501 1528 Panico
534 1489 863 1541 penicillato
891 1489 1131 1528 subsimiles
1158 1502 1251 1528 esse
1275 1503 1354 1543 per
1378 1489 1541 1527 litteras

29 1544 334 1591 nuntiavimus,
368 1543 419 1583 ad
439 1544 629 1598 apices,D
607 1546 836 1584 ‹rlumarum
860 1545 1079 1585 attendeie
1102 1545 1324 1599 jubentes,
1357 1546 1392 1584 si
1427 1544 1540 1583 forte

29 1600 160 1640 barba
184 1599 364 1639 adesset
425 1601 568 1664 Quam}
587 1616 679 1640 cum
703 1602 754 1641 cl.
786 1602 1019 1640 Trinius
1051 1602 1095 1639 in
1122 1602 1208 1640 suis
1233 1601 1387 1654 plantis
1411 1600 1540 1640 vidis-

34 1665 123 1703 set,
178 1656 270 1694 istis
321 1670 418 1708 pen
434 1657 644 1696 icillati
697 1671 853 1697 nomen
905 1658 1125 1710 imponeie
1182 1671 1267 1696 non
1319 1657 1539 1695 dubitavit

33 1712 121 1752 Sed
160 1712 284 1764 paulo
314 1722 411 1764 post
464 1713 674 1753 Panico
712 1713 1129 1752 bambusisloro
1161 1713 1354 1766 ejusdem
1400 1721 1542 1752 aucto-

32 1767 93 1807 ris
119 1768 171 1806 ad
200 1781 274 1805 nos
309 1769 495 1820 pe1lato,
536 1769 618 1808 hoc
653 1768 846 1808 nostrum
890 1769 1283 1822 penicillatum
1325 1781 1419 1808 esse
1450 1781 1542 1808 cer-

30 1824 164 1863 tio1es
188 1823 302 1870 facti,
335 1824 579 1878 spiculaque
608 1825 734 1863 etiam
752 1833 794 1863 et
810 1826 975 1864 lamulo
1003 1825 1189 1864 Panici
1216 1824 1541 1878 penicillati

33 1882 107 1919 Τι.
154 1879 319 1918 donati.
373 1881 467 1927 isti,
518 1881 784 1919 adsentiente
834 1881 928 1921 vilo
974 1881 1253 1929 amicissimo,
1308 1880 1541 1935 plistinum

16 1936 229 1977 ·Panici
260 1934 565 1976 discoloris
596 1950 752 1976 nomen
782 1937 1058 1977 restituimus.

314 2048 370 2083 56.
405 2053 683 2084 PANICUM
717 2052 1195 2083 ΡΕΝιοιιιΑτυΜ.
1234 2045 1260 2089 †

143 2136 192 2174 P.
238 2150 408 2177 racemo
456 2137 749 2190 decomposito
788 2138 959 2192 patulo,
1006 2137 1228 2178 racemulis
1265 2136 1542 2177 subsecundis

31 2192 258 2237 brevibus,
298 2194 548 2247 pedunculis
589 2192 780 2241 bissoris,
822 2192 996 2247 spiculis
1032 2194 1405 2247 ovato-ellipticis
1443 2207 1542 2232 ner-

31 2249 168 2295 vosis,
203 2249 354 2302 glumis
383 2250 627 2303 aequalibus
667 2250 860 2289 subulato
878 2276 894 2283 -
915 2250 1187 2297 acuminatis,
1229 2248 1412 2289 flosculo
1443 2249 1542 2288 her-

32 2305 299 2358 maphrodito
332 2306 424 2345 basi
459 2306 808 2359 appendiculam,
853 2307 992 2346 culmo
1017 2306 1264 2345 subramoso
1292 2305 1542 2360 vaginisque

31 2361 189 2415 glabris
204 2390 213 2407 ,
244 2361 361 2400 soliis
391 2363 595 2402 cordato-
611 2362 855 2402 lanceolatis
876 2362 1037 2402 strictis
1062 2377 1187 2415 supra
1211 2362 1372 2416 glabris
1395 2361 1540 2402 subtus

31 2416 379 2471 pubescentibus.

141 2488 263 2528 Var.
294 2503 330 2526 οι.
364 2487 514 2542 glumis
557 2487 678 2542 apice
722 2496 866 2529 setoso
910 2487 1098 2528 barbatis
1137 2487 1337 2528 distincte
1376 2488 1543 2540 5-—7-

33 2544 260 2594 nervil)us;

141 2620 181 2657 β.
211 2614 362 2668 glumis
397 2612 515 2667 apice
549 2614 697 2661 nudis,
729 2613 914 2662 3—5—‚
947 2617 1014 2654 vel
1039 2614 1066 2655 5
1087 2612 1428 2666 —7-nervibus.

143 2686 267 2738 (Var.
297 2685 360 2736 β.)
419 2684 622 2724 Panicum
656 2683 1029 2732 bambusissorum,
1076 2680 1197 2723 Trin.
1222 2681 1342 2723 Diss.
1372 2683 1424 2722 de
1456 2679 1542 2722 Pa-

198 2741 280 2780 nic.
341 2739 465 2791 (Vidi
489 2740 678 2794 spiculus
707 2755 763 2780 ex
786 2739 917 2781 Herb.
943 2739 998 2779 cl.
1025 2737 1237 2787 Fischeri,
1270 2746 1310 2779 et
1332 2738 1511 2779 iconem.

147 2812 318 2852 Culmus
353 2811 688 2864 5-6-pedalis
726 2812 1060 2858 arundinaceus,
1101 2819 1294 2859 erectus,
1355 2811 1543 2859 strictus,

35 2868 227 2909 crassitie
250 2880 416 2921 pennae
446 2881 655 2921 cygneae,
686 2876 801 2909 teres
821 2896 832 2917 ,
862 2868 1058 2915 striatas,
1088 2867 1258 2921 glaber,
1291 2866 1416 2907 nodis
1439 2867 1544 2906 mul-

99 2942 252 2972 mou
284 2942 468 2971 BnAsn„
511 2926 570 2971 ΙΙ.
990 2933 1050 2975 10
