1788 3183
171 192 253 233 57ss

172 312 257 351 Aut
286 309 448 348 milium
479 307 607 353 serat,
641 314 710 346 aut
741 305 896 360 siliqua
928 305 1166 358 crepitante
1198 306 1389 347 faselum.

175 385 294 421 Haec
326 381 377 419 ad
408 378 661 417 arundineas
691 375 852 416 fuerint
884 376 1101 429 praeludia
1133 391 1293 417 messes
1313 409 1323 426 ‚

175 454 233 492 Ut
262 452 409 490 brutae
440 449 607 502 frangat
637 461 681 486 se
711 447 847 500 prima
877 447 1039 487 ferocia
1069 457 1212 487 terrae
1232 479 1241 496 ‚

174 525 233 564 Et
275 521 410 560 cicuri
455 520 625 561 veniant
677 527 852 556 canneta
903 518 1124 557 remissius
1177 533 1291 558 arvo.

290 591 464 633 Indiciis
495 599 744 644 postquam,
777 588 971 627 dedimus
1005 602 1111 642 quae
1143 589 1350 641 plurima,
1383 589 1532 630 ductus

178 663 434 705 Canniferae
464 662 603 714 segeti
635 669 790 699 terram
823 659 1065 713 delegeris,
1097 674 1272 707 omnes,

177 734 402 789 Agricola,
434 732 478 771 in
509 741 685 771 truncos
718 730 876 770 validas
907 729 1058 768 molire
1091 743 1294 770 secures:

178 806 336 858 Dejice
366 802 657 842 inumbrantes
688 801 845 853 sylvas,
889 815 1076 855 arvoque
1106 801 1251 841 futuro

177 878 264 919 Fac
295 874 503 928 spatium,
536 881 579 912 et
610 886 752 912 caesas
783 886 928 910 rursus
959 871 1138 911 concido
1171 872 1392 920 minutim,

178 948 502 1001 Lignorumque
530 957 656 996 pyras
686 943 842 996 passim
874 952 1057 982 exstrue.
1116 946 1216 982 Mox
1248 942 1320 981 ubi
1350 944 1461 984 soles

175 1019 338 1070 Lignea
371 1014 596 1068 congeries
630 1028 751 1066 passa
783 1022 847 1052 est
877 1022 1004 1067 atque
1035 1014 1146 1052 aruit
1177 1014 1291 1066 igni,

176 1089 322 1130 Subde
352 1086 482 1126 faces.
542 1087 743 1124 Tractum
772 1099 855 1123 non
888 1085 1030 1138 segnis
1062 1084 1277 1123 Mulciber
1308 1099 1474 1126 omnem

175 1159 397 1213 Purgabit.
460 1155 614 1210 Siquid
645 1164 869 1209 superest,
910 1155 978 1194 cui
1008 1154 1172 1194 flamma
1199 1156 1422 1208 pepercit,

173 1230 367 1283 Collige:
410 1227 698 1281 praegrandes
742 1235 911 1274 torres,
958 1236 1227 1280 semustaque
1271 1227 1313 1264 in
1353 1241 1481 1267 unuin

172 1303 348 1343 Robora
380 1298 630 1351 compinges
662 1298 897 1342 cumulum,
929 1310 1164 1350 rursusque
1195 1296 1362 1347 jubebis

171 1375 309 1414 Ferre
341 1371 474 1425 ignes.
535 1369 581 1408 Si
611 1368 722 1408 forte
754 1368 932 1423 aliquis,
980 1367 1105 1406 modo
1147 1368 1308 1407 cortice
1351 1382 1514 1409 summo

173 1443 434 1489 Ambustus,
467 1441 570 1481 vicit
601 1439 812 1494 geminata
846 1438 1043 1477 incendia
1073 1446 1271 1487 truncus,

174 1518 299 1556 Hunc
331 1513 423 1551 sine
453 1510 718 1565 perflandum
749 1510 912 1555 ventis,
944 1508 1187 1562 pluviisque
1220 1509 1473 1549 domandum

171 1584 394 1630 assiduis,
427 1582 564 1622 donec
596 1583 789 1628 tandem,
824 1580 1091 1620 vertentibus
1125 1579 1268 1628 annis,

173 1655 363 1697 Tabidus
395 1654 439 1692 in
471 1654 641 1693 cineres
673 1652 785 1691 ultro
818 1650 1009 1690 subsidat
1038 1650 1215 1690 inertes,

284 1730 387 1779 Igne
416 1723 492 1763 ubi
522 1731 746 1778 purgatum
780 1730 842 1761 sat
872 1722 1008 1760 libera
1038 1720 1235 1772 praebuit
1266 1735 1429 1775 aequor

172 1801 341 1851 Terga,
372 1796 604 1835 lacertosos
636 1806 784 1845 campo
812 1792 1011 1831 submitte
1042 1800 1189 1844 parato

170 1872 404 1915 Fossores,
439 1865 569 1905 multo
602 1878 711 1919 quos
742 1863 888 1903 Africa
919 1863 1008 1902 sole
1039 1871 1239 1915 perustos

172 1939 375 1985 Torruit,
408 1937 594 1976 immites
625 1944 750 1989 atque
786 1933 1011 1973 obduravit
1041 1932 1084 1970 in
1115 1947 1227 1972 usus.

170 2013 270 2050 Heu
297 2022 429 2062 genus
460 2006 613 2046 infelix
641 2005 885 2053 hominum,
917 2012 1147 2058 natumque
1176 2003 1340 2044 labori!

170 2081 230 2120 Hi
260 2094 339 2133 pro
370 2077 572 2117 ruricolis
610 2076 689 2116 tibi
730 2076 815 2116 sint
853 2075 968 2125 (sors
1009 2074 1111 2112 dura
1129 2073 1157 2122 l)
1199 2073 1413 2126 juvencis,

171 2154 390 2191 Invertant
420 2157 606 2196 terram,
637 2147 779 2186 sulcos
808 2146 937 2198 longo
968 2144 1121 2184 ordine
1153 2144 1331 2194 ducant,

171 2223 229 2262 Et
261 2220 560 2275 quodcumque
592 2218 707 2257 aliud
736 2223 956 2271 praestent
986 2228 1113 2269 grave
1143 2230 1294 2256 munus
1324 2217 1467 2257 aratri.

172 2292 353 2332 Scilicet
384 2290 462 2329 hae
493 2289 673 2343 priscis,
706 2295 953 2340 contempto
984 2286 1173 2326 vomeris
1202 2302 1306 2338 usu,

171 2364 389 2402 Exci-cere
419 2375 542 2414 agros
573 2358 732 2413 placuit
760 2358 926 2397 ratione
959 2357 1147 2397 colonis:

174 2434 264 2473 Seu
297 2432 392 2486 quia
422 2432 660 2484 plantarum
691 2429 848 2483 passim
876 2428 1039 2468 latuere
1071 2427 1148 2466 sub
1180 2428 1293 2469 arvis

173 2503 383 2550 Radices,
427 2502 675 2556 spissaeque
713 2500 870 2548 fibrae,
914 2513 1015 2553 quas
1061 2499 1189 2538 dente
1227 2507 1374 2539 retuso

172 2573 372 2616 Vomeris
402 2572 726 2626 haudquaquam
754 2570 1028 2623 perfringere
1075 2578 1224 2622 posset
1260 2579 1429 2610 arator:

176 2645 265 2685 Seu
299 2643 396 2697 quia
428 2642 665 2697 degeneres
696 2641 817 2681 coelo
848 2649 1038 2680 nostrate
1067 2639 1239 2692 juvenci

173 2713 470 2759 Proveniant,
501 2726 629 2766 pecus
660 2712 878 2759 indocile,
912 2710 1227 2764 impatiensque
1257 2709 1444 2759 laboris,

175 2787 267 2824 Nec
297 2783 434 2824 valida
464 2783 635 2824 cervice
665 2782 788 2829 satis,
820 2794 901 2821 nec
931 2789 1108 2833 pectore
1139 2778 1289 2820 firmo:

180 2855 282 2895 Sive
324 2853 437 2894 aliud
475 2866 625 2894 causae
669 2852 775 2892 fuit:
824 2860 866 2892 at
904 2859 1023 2892 certe
1063 2864 1165 2890 usus
1207 2850 1336 2892 aratri
