1788 3183
229 175 312 216 560
383 170 664 211 Gnmmma.
742 167 1029 210 Onsssnva'rio
1061 182 1313 211 cnoromca
1344 186 1398 211 ET
1431 186 1721 215 oecononum.

215 292 307 331 alba
337 290 400 329 sic
430 290 541 328 dicta
572 304 594 329 e
626 290 822 328 Carolina
854 288 1023 328 inducta
1054 299 1146 337 est,
1188 292 1436 331 commercii
1476 307 1549 332 arx
1591 296 1711 348 quasi

213 347 311 386 ficri
354 346 558 398 incoepit.
617 348 829 384 Trecenta
871 345 986 383 enim
1023 346 1155 385 millia
1196 348 1477 387 modiolorum
1507 349 1710 402 (Alquei-

212 406 299 451 res)
332 402 499 454 Oryzae
531 401 735 440 folliculis
768 400 988 440 mundatae
1016 415 1175 441 annuae
1207 404 1519 455 exportationis
1551 420 1713 445 summa

208 458 358 498 haberi
399 465 589 510 possunt.
653 457 903 496 Provinciae
944 457 985 494 S.
1018 457 1139 495 Pauli
1172 467 1214 496 ct
1247 460 1289 497 S.
1322 459 1570 500 catharinae
1600 476 1705 515 quo-

211 529 296 569 que
341 514 455 553 circa
493 512 712 565 octoginta
756 512 819 550 vel
851 521 1019 550 centum
1061 513 1190 551 millia
1221 514 1447 568 Alqueires
1479 519 1708 569 quotannis

211 578 453 623 exportant.
514 570 706 621 Magnam
749 567 997 606 varietatum
1038 569 1225 621 copiam,
1259 583 1367 623 quae
1408 572 1711 623 magnitudine,

209 627 378 672 colore,
423 624 664 678 ‹luritieque
692 638 917 677 granorum
949 623 1073 663 siculi
1102 625 1337 676 glumarum
1365 626 1516 666 formis
1550 637 1592 666 et
1626 629 1710 666 ari-

191 690 367 722 starum
401 680 643 733 praesentia
683 681 748 718 vel
782 679 971 718 absentia
1007 679 1350 733 distinguuntur,
1404 683 1446 720 in
1489 683 1588 722 Asia
1622 685 1709 723 coli

208 746 401 785 constat3
431 750 608 790 quarum
637 736 677 773 in
707 735 887 774 Brasilia
918 736 1143 786 pauciores
1179 738 1378 775 counitae
1416 747 1538 785 sunt,
1572 741 1708 778 nomi-

206 794 425 847 natimque
454 793 580 830 rubra
605 790 770 841 (Arroz
802 789 1016 829 vermellzo
1048 791 1113 831 vel
1143 791 1199 829 ιία
1230 770 1386 843 ferra)
1415 802 1456 832 et
1485 794 1577 833 alba
1601 795 1708 842 (Ar-

202 863 278 888 roz
307 848 487 895 branco)
518 856 729 887 notantur.
786 847 902 885 [llius
935 861 1062 900 grana
1089 847 1260 887 duriora
1293 849 1335 887 in
1368 851 1594 903 coquendo
1620 865 1706 890 ma-

204 906 271 959 gis
298 905 584 943 intumescunt
610 912 735 957 atque
766 917 962 955 saporem
987 903 1215 943 admixtum
1239 905 1531 944 subausterum
1550 907 1704 947 incolis

199 970 366 1014 gratum
387 959 554 1006 habent,
589 959 685 997 dum
699 959 815 998 albae
836 973 963 1011 grana
977 958 1232 998 sarinosiora
1256 969 1298 999 et
1323 961 1574 1012 insipidiora
1594 973 1704 1002 sunt.

312 1020 356 1056 ln
385 1016 482 1055 Asia
509 1024 551 1054 et
575 1017 770 1067 Europa,
803 1015 875 1053 ubi
902 1015 1078 1054 densior
1099 1015 1318 1054 hominum
1349 1016 1572 1057 multitudo
1609 1018 1702 1058 lon—

198 1073 383 1127 giorque
409 1082 580 1111 naturae
607 1071 761 1110 notitia
790 1084 972 1124 ususque
1011 1072 1199 1111 omnium
1225 1072 1461 1125 plantarum
1489 1074 1698 1114 culturam

199 1128 393 1169 correxit
422 1137 548 1182 atque
585 1126 850 1173 emendavit,
895 1128 1067 1177 Oryza
1115 1142 1287 1182 quoque
1326 1128 1507 1167 sativa
1548 1129 1697 1180 majori

201 1184 307 1224 artis
339 1193 477 1222 sumtu
503 1192 703 1222 tractatur
723 1196 846 1236 quam
878 1183 921 1221 in
955 1183 1149 1224 Brasilia.
1224 1185 1302 1224 Hic
1334 1197 1472 1238 neque
1505 1185 1696 1238 pulvina-

199 1240 311 1280 rium
331 1253 544 1285 arearum,
576 1239 682 1278 alius
709 1251 838 1291 super
866 1239 1014 1286 aliam,
1051 1240 1264 1279 institutio
1306 1253 1447 1294 neque
1488 1241 1556 1279 illa
1594 1241 1694 1282 irri-

199 1297 317 1350 gatio
342 1294 601 1341 artificiosa,
643 1308 751 1348 quae
781 1309 929 1349 aquam
959 1294 1122 1348 aliquot
1158 1295 1336 1348 pollices
1371 1310 1495 1348 supra
1536 1298 1698 1349 plantas

198 1351 444 1391 diffundere
483 1352 615 1399 solet,
661 1351 798 1390 donec
845 1350 1006 1389 semina
1053 1351 1299 1397 formarint,
1355 1365 1493 1406 neque
1527 1353 1698 1393 demum

197 1409 419 1448 translatio
441 1408 601 1461 segetis
627 1415 754 1446 notae
787 1416 911 1453 sunt;
943 1406 1018 1446 sed
1040 1421 1109 1446 res
1129 1408 1270 1460 agitur
1295 1407 1546 1459 simplicius·
1590 1410 1696 1449 Nam

197 1465 360 1518 pingue
384 1474 426 1503 et
450 1463 611 1502 humile
642 1463 776 1502 solum
809 1462 985 1515 eligitur
1007 1463 1135 1502 modo
1162 1462 1203 1501 id
1221 1492 1231 1508 ‚
1265 1463 1406 1517 quod,
1450 1464 1576 1515 sylvis
1609 1466 1698 1517 pri-

197 1521 358 1560 maevis
385 1519 631 1572 exstirpatis
661 1527 829 1572 partum
860 1527 950 1564 est,
991 1527 1034 1557 et
1059 1527 1148 1557 tum
1172 1518 1342 1572 quidem
1368 1519 1621 1572 praesertim
1637 1522 1698 1560 in-

196 1574 321 1616 fimae
350 1576 501 1623 valles,
534 1575 660 1615 modo
693 1574 976 1628 primigeniae
1005 1574 1179 1628 paludes
1206 1575 1269 1614 vel
1293 1583 1436 1627 prata,
1479 1589 1587 1629 quae
1620 1577 1698 1616 eli-

198 1644 295 1671 cum
321 1646 404 1685 ope
425 1631 566 1686 aliqua
589 1645 643 1670 ex
668 1634 788 1683 parte
814 1630 992 1677 siccata,
1035 1631 1276 1683 exstirpatis
1311 1631 1453 1684 ligone
1492 1632 1696 1686 gramini-

198 1688 277 1727 bus
316 1700 364 1727 ac
403 1687 497 1727 aliis
539 1687 755 1725 radicibus
790 1687 1101 1740 combustoque
1135 1686 1265 1726 foeno
1300 1687 1482 1726 sementi
1518 1701 1695 1740 praepa—

196 1753 288 1783 rata
310 1752 418 1783 sunt.
478 1745 523 1781 In
546 1742 870 1796 Maragnanensi
898 1743 1116 1795 provincia
1138 1742 1350 1794 imprimis
1369 1751 1568 1783 recentes
1593 1744 1694 1783 vali-

197 1796 329 1854 dique
355 1799 584 1851 sylvestres
612 1798 755 1846 frmdi,
788 1798 832 1836 in
863 1798 1016 1852 quibus
1038 1807 1108 1837 aut
1136 1799 1275 1837 nullae
1304 1807 1373 1837 aut
1394 1812 1552 1851 paucae
1574 1799 1694 1839 inve-

195 1855 373 1894 niuntur
394 1855 582 1908 palmae,
627 1855 729 1908 eligi
756 1854 905 1894 solent.
964 1857 1137 1894 Ineunte
1164 1863 1360 1907 tempore
1389 1855 1535 1907 pluvio
1560 1855 1692 1894 simili

194 1911 322 1951 modo
339 1940 349 1959 ‚
383 1925 508 1966 quern
533 1925 659 1963 supra
686 1912 729 1948 in
755 1910 917 1962 Maydis
954 1910 1209 1950 tractatione
1236 1911 1582 1956 memoravimus,
1626 1924 1693 1950 se-

192 1967 331 2017 ritur3
360 1966 443 2006 hoc
472 1981 599 2006 unum
622 1967 802 2005 interest
818 1995 827 2012 ‚
859 1966 975 2020 quod
999 1967 1040 2005 in
1063 1980 1186 2005 unam
1209 1966 1404 2005 scrobem
1427 1966 1546 2018 plura
1564 1979 1692 2019 grana

189 2022 274 2077 jaci
315 2024 468 2062 solent.
546 2025 593 2061 In
642 2022 895 2075 regionibus
935 2022 1286 2062 meridionalibus
1328 2030 1492 2074 septem
1537 2030 1690 2062 octove

190 2091 321 2134 grana
358 2079 493 2118 cuivis
533 2077 758 2123 foramini,
803 2078 846 2116 in
880 2080 1136 2132 Maragnano
1172 2086 1337 2125 autem,
1379 2077 1450 2115 ubi
1485 2078 1690 2117 sementis

189 2136 234 2175 in
254 2136 508 2175 Januarium.
533 2148 665 2188 usque
699 2134 856 2186 Majum
893 2147 1061 2173 menses
1103 2133 1280 2178 incidit,
1325 2133 1408 2172 tria
1439 2133 1566 2173 modo
1596 2133 1691 2185 inji-

188 2191 375 2231 ciuntur.
444 2191 490 2230 Si
520 2191 680 2228 imbres
717 2204 802 2228 non
843 2189 984 2229 subito
1022 2189 1195 2228 omnino
1237 2186 1443 2228 deliciunt
1488 2197 1690 2243 terraque

188 2246 427 2295 exarescit,
472 2246 589 2300 quod
613 2254 752 2285 tamen
779 2245 821 2283 in
854 2245 1103 2298 regionibus
1134 2245 1300 2296 Oryzae
1324 2245 1530 2284 colendae
1557 2244 1688 2284 desti-

186 2304 297 2343 natis
322 2302 456 2343 multo
481 2302 619 2341 rarius
644 2301 789 2341 evenit
812 2315 935 2355 quani
957 2301 1000 2339 in
1021 2301 1170 2352 Mayde
1196 2300 1389 2349 consitis,
1420 2299 1548 2340 culmi
1566 2300 1689 2341 brevi

185 2367 467 2405 enascuntur,
500 2366 543 2397 et
568 2371 670 2412 ager
696 2357 830 2397 denso
853 2357 991 2396 bonae
1017 2357 1177 2411 segetis
1206 2357 1340 2409 tapeti
1362 2356 1536 2410 tegitur.
1579 2357 1687 2396 Sunt

184 2414 353 2461 coloni,
396 2414 471 2469 qui
499 2414 664 2454 interea
697 2413 757 2452 nil
792 2426 950 2466 operae
980 2412 1194 2464 oryzae
1225 2412 1684 2465 satibusimpendant,

184 2471 260 2510 alii
284 2484 388 2511 vero
404 2499 416 2519 ‚
462 2470 537 2524 qui
561 2470 748 2510 secundo
775 2482 919 2508 mense
944 2468 1091 2508 herbis
1112 2468 1333 2527 inutilibus
1366 2481 1456 2506 eam
1487 2477 1682 2522 purgent.

180 2522 381 2587 quatuor
401 2525 619 2565 mensibus
652 2525 781 2577 lapsis
802 2538 902 2579 ager
923 2522 1136 2571 flavescit,
1168 2524 1312 2578 itaque
1338 2537 1568 2577 granorum
1595 2537 1680 2563 ma-

182 2583 404 2623 turitatem
431 2582 617 2628 indicat,
657 2594 766 2636 quae
798 2589 960 2620 metere
997 2580 1129 2619 multo
1159 2580 1294 2631 major
1324 2592 1456 2631 opera
1486 2591 1535 2618 ac
1560 2579 1683 2619 labor

182 2646 260 2678 est.
331 2640 378 2677 In
423 2637 659 2691 provinciis
698 2636 1049 2676 meridionalibus
1087 2636 1289 2675 sementis
1331 2634 1682 2689 quinquaginties

180 2701 253 2734 aut
273 2692 554 2747 sexagintie3‚
585 2706 734 2732 verum
763 2692 807 2730 in
836 2691 1255 2745 septenti·ionalibuS‚
1285 2699 1329 2731 ut
1350 2691 1393 2729 in
1419 2688 1680 2733 Maranhdo

180 2758 227 2790 et
263 2746 383 2788 Para'
423 2747 642 2788 ducenties
683 2747 749 2790 vel
785 2748 1020 2787 trecenties
1056 2747 1181 2786 reddi
1211 2747 1383 2786 dieitur.
1452 2746 1519 2786 Ad
1555 2759 1682 2801 quem

177 2803 308 2845 finem
328 2804 442 2846 servi
463 2804 648 2859 nigritae
680 2818 764 2844 non
786 2804 980 2857 integros
1007 2802 1170 2843 culmos
1203 2801 1446 2849 abscidunt,
1489 2801 1565 2841 sed
1590 2811 1680 2841 tan-

174 2859 394 2905 tummodo
416 2860 579 2916 spicas,
613 2859 931 2915 quas-sinistris
965 2858 1296 2914 comprehensas
1321 2866 1391 2898 aut
1424 2857 1470 2897 in
1494 2856 1678 2913 subliga-
