1788 3183
456 234 459 237 .
490 165 784 222 Gammmm.
841 181 1059 221 PAmcux.
1470 182 1553 227 151

346 313 405 353 40.
447 319 725 357 PANICUM
767 316 1250 349 FASCICULATUM.

154 414 203 452 P.
233 425 406 451 racemo
438 411 736 464 decomposito
768 410 1087 466 subfastigiato,
1119 408 1372 463 partialibus
1402 421 1555 449 secun·

45 469 140 516 dis,
173 468 398 521 pedicellis
438 467 801 521 bi-quadrissoris
840 467 932 507 basi
971 467 1193 519 pilosulis,
1236 465 1415 519 spiculis
1445 464 1554 505 obo-

44 526 153 566 vatis
183 524 456 564 acutiusculis
476 524 715 563 reticulatis
747 523 929 576 glabris,
974 522 1153 562 flosculo
1187 531 1343 562 neutro
1375 521 1551 570 bivalvi‚

46 581 184 620 culino
209 580 496 619 adscendente
523 580 644 632 apice
677 580 802 619 nodis
827 579 1078 633 vaginisquc
1100 577 1382 618 inferioribus
1406 577 1554 618 tuber-

44 637 195 677 culatis
216 637 402 683 villosis,
445 635 565 674 soliis
593 636 845 675 lanceolatis
875 636 1068 689 margine
1093 634 1270 674 scabris.

151 707 357 748 Panicum
400 706 694 746 fasciculatum
713 736 724 756 ,
769 703 859 746 Sw.
885 704 951 744 Fl.
985 704 1082 744 Ind.
1122 718 1212 746 occ.
1237 703 1273 744 I.
1294 719 1340 758 p.
1374 705 1466 754 145.
1492 701 1550 743 H.

205 770 247 802 et
271 761 325 802 fi.
358 762 467 801 Noc.
493 761 545 801 G.
569 769 610 801 et
642 760 716 816 Sp.
746 760 784 801 I.
809 777 856 816 p.
889 763 957 814 98.
987 759 1153 800 Huntlz.
1182 760 1292 815 Syn.
1319 759 1358 800 I.
1382 775 1427 814 p.
1459 766 1548 814 ¹74·

208 817 303 871 Spr.
329 817 371 858 S.
409 818 457 858 V.
485 817 523 857 I.
545 833 590 872 p.
620 819 716 860 310.
751 833 792 857 11.
819 825 887 867 [μ.
921 814 1198 872 (excl.sorte
1217 832 1317 872 syn.

150 890 312 930 Panico
343 889 466 928 susco
482 889 692 929 -rubcnte
711 919 720 935 ,
756 887 911 936 Lam.)

150 961 352 1000 Panicum
371 960 684 1008 fasciculatuni,
716 959 933 1013 nigricans
950 968 991 998 ct
1006 958 1193 1007 fuscum,
1225 955 1357 997 Herb.
1389 955 1546 998 PVilld.

149 1030 326 1069 Hctbz'lal
351 1031 392 1069 in
422 1027 670 1085 ripaflncii
688 1029 857 1083 Japura'
880 1036 921 1069 et
942 1029 1000 1068 ad
1024 1028 1167 1077 Coarc‘,
1195 1035 1235 1068 et
1260 1027 1417 1083 Egam,
1442 1041 1549 1082 pro-

38 1087 206 1128 vinciae
228 1086 443 1126 Fluminis
470 1086 601 1140 nigri.
660 1084 809 1126 Floret
829 1084 1044 1126 Janzzario
1066 1093 1105 1125 et
1134 1084 1388 1125 Februario.
1448 1089 1516 1136 21..

147 1159 223 1200 Ol>
240 1171 377 1198 serv.
409 1161 442 1198 Ι.
496 1158 741 1210 Specimina
765 1167 911 1198 nostra
942 1158 1178 1198 Brasiliana
1198 1167 1287 1197 tum
1305 1170 1401 1196 curn
1425 1156 1548 1208 plan-

38 1225 80 1255 ta
122 1215 406 1261 Swartziana,
460 1214 504 1252 in
546 1215 680 1253 Herb.
731 1214 1045 1255 Schreberiano
1092 1223 1135 1253 et.
1173 1212 1546 1254 lVilldenowiano

36 1271 341 1323 comparanda,
388 1279 476 1309 tum
508 1283 604 1309 cum
634 1271 928 1324 descriptione
968 1269 1258 1318 lucidissima,
1308 1269 1353 1307 in
1392 1270 1548 1307 Hum-

38 1327 255 1368 boldtii
286 1337 327 1367 et
358 1327 585 1366 Itunthii
617 1340 752 1378 opere
782 1327 924 1374 edita,
969 1326 1020 1365 ad
1051 1326 1253 1364 amussim
1285 1332 1546 1379 congruunt,

37 1397 270 1438 verumque
298 1383 551 1422 Panicum
577 1382 959 1423 fasciculatum
981 1382 1180 1422 Swartzii
1203 1382 1372 1421 sistunt.
1406 1380 1549 1420 Colla-

39 1441 94 1480 tis
125 1449 266 1479 autem
308 1440 516 1479 Panico
559 1439 942 1485 flavescente,
981 1438 1145 1478 fusco
1183 1447 1225 1477 et
1256 1435 1548 1489 carthage-

35 1496 197 1536 nensi
230 1496 489 1535 Swartzii
521 1509 768 1548 persuasum
785 1504 849 1535 est
871 1494 1014 1544 nobis,
1044 1493 1151 1534 haec
1176 1502 1327 1533 cuncta
1353 1492 1548 1545 ejusdem

35 1552 201 1605 speciei
233 1566 318 1590 non
347 1551 430 1589 nisi
456 1560 501 1590 ut
523 1552 751 1591 varietates
779 1551 1092 1592 consideranda
1113 1563 1209 1590 esse
1226 1579 1237 1600 ,
1270 1549 1362 1589 solo
1380 1548 1545 1596 colore,

36 1608 104 1651 vel
133 1608 293 1648 racemi
322 1608 533 1647 tenuitate
565 1607 832 1648 abludenteS.

144 1693 416 1733 Conveniunt
460 1693 627 1732 omnia:
684 1693 826 1733 culmo
875 1691 1166 1733 adscendente
1213 1691 1309 1744 plus
1349 1688 1546 1736 minusve

32 1763 202 1790 ramoso
235 1749 311 1788 sub
341 1762 512 1787 racemo
543 1750 766 1799 villosulo,
807 1750 933 1789 nodis
965 1749 1171 1796 hirsutis,
1219 1747 1338 1787 foliis
1369 1747 1545 1784 lanceo-

32 1806 125 1846 latis
157 1805 314 1858 glabris
345 1806 535 1859 margine
568 1806 752 1852 scabris,
793 1806 956 1858 vaginis
988 1805 1148 1845 striatis
1179 1802 1414 1842 tuberculis
1447 1814 1547 1853 par-

31 1862 97 1902 vis
127 1862 321 1915 piligcris
352 1861 446 1914 plus
477 1861 668 1901 minusve
699 1862 942 1914 adspersis,
991 1874 1161 1900 racemo
1202 1857 1446 1912 composito
1475 1856 1545 1896 vel

35 1918 330 1970 decomposito
363 1931 386 1956 e
418 1918 599 1956 racemis
630 1917 884 1969 partialibus
915 1917 1078 1957 strictis
1108 1916 1308 1956 secundis
1339 1914 1391 1953 ad
1420 1912 1545 1965 pedi-

4 2018 5 2021 ,
33 1974 237 2015 cenorum
287 1981 428 2013 ortum
475 1974 682 2013 fasciculo
732 1974 922 2027 pilorum
973 1973 1069 2027 plus
1118 1973 1258 2011 minus
1305 1969 1545 2022 conspicuo

31 2029 262 2084 praeditiS,
297 2029 522 2083 pedicellis
554 2029 783 2083 gracilibus
815 2039 856 2070 at
884 2029 1114 2076 brevibus,
1153 2026 1303 2067 rhacbi
1341 2024 1544 2079 approxi-

33 2086 181 2128 matis.
226 2086 479 2125 bi-tri-vel
537 2085 811 2140 quadrifloris
862 2086 1037 2126 summis
1083 2083 1308 2131 unissoris,
1362 2080 1541 2134 spiculis

31 2142 225 2183 obovatis
267 2156 361 2188 cum
391 2141 514 2181 brevi
546 2155 753 2182 mucrone
784 2141 971 2195 glabris,
1012 2142 1152 2196 gluma
1196 2138 1409 2179 inferiore
1457 2136 1541 2175 lata

30 2209 154 2239 ovata
184 2199 375 2248 margine
407 2197 729 2238 membranacea
759 2198 965 2246 trinervi‚
999 2198 1226 2250 superiore
1257 2193 1540 2246 neutriusque

30 2254 199 2295 flosculi
230 2255 390 2294 valvula
434 2254 645 2294 inferiore
679 2253 1076 2309 quinquenervibus
1107 2253 1237 2305 duplo
1271 2252 1420 2291 saltem
1449 2249 1543 2287 lon-

29 2312 224 2363 gioribus
256 2311 369 2349 inter
399 2324 554 2350 nervos
585 2311 1051 2357 venem-reticulatis,
1083 2309 1310 2363 superiore
1341 2304 1538 2344 neutrius

30 2367 195 2408 valvula
236 2367 449 2420 elliptica,
501 2367 700 2421 caryopsi
734 2367 899 2408 valvula
929 2367 1126 2407 neutrius
1171 2365 1298 2420 paulo
1335 2360 1539 2402 breviore

29 2423 185 2478 pallida
216 2423 510 2476 subrugulosa.

134 2494 217 2532 His
241 2503 381 2532 autem
410 2493 526 2533 inter
548 2506 594 2533 se
621 2492 830 2534 differunt
854 2494 998 2534 notis:

137 2581 174 2602 σι.
206 2578 375 2603 racemo
407 2563 611 2604 densiore
643 2564 884 2606 distinctius
914 2563 1158 2616 fastigiato,
1200 2559 1329 2599 ramis
1361 2555 1538 2597 subver-

25 2620 243 2668 ticillatis,
285 2620 510 2671 pediccllis
550 2620 831 2660 inferioribus
864 2619 1166 2677 quadrissoris,
1218 2614 1381 2668 vaginis
1428 2611 1538 2650 infe*

26 2678 215 2716 rioribus
257 2677 571 2731 rhachibusque
623 2677 868 2718 distinctius
906 2677 1112 2724 hirsutis,
1171 2671 1349 2727 spiculis
1391 2668 1535 2723 nigro-

25 2732 173 2773 fuscis.

134 2802 337 2842 Panicum
377 2800 700 2855 fasciculatum,
744 2800 831 2843 Sto.
862 2801 1017 2843 Proclr.
1048 2799 1120 2842 Fl.
1158 2797 1256 2839 Iud.
1280 2809 1367 2835 oce.
1392 2808 1435 2847 p.
1469 2804 1534 2832 22.

195 2856 266 2898 Fl.
293 2857 387 2898 Incl.
422 2872 509 2897 occ·
538 2856 572 2897 I.
599 2873 644 2912 p.
683 2861 771 2908 145.
809 2858 964 2901 l‘Villd.
986 2858 1058 2913 Sp.
1082 2856 1141 2910 pl.
1165 2854 1203 2896 J.
1223 2869 1270 2908 p·
1298 2852 1392 2900 341'
1420 2846 1535 2888 pers·

139 2957 142 2960 Α
195 2912 305 2968 Syn.
325 2912 362 2955 J.
380 2915 513 2968 μω.
536 2928 583 2968 sp
605 2915 674 2958 26.
703 2914 759 2956 R.
780 2922 819 2956 ec
847 2913 945 2957 δοκι,
973 2913 1016 2956 S.
1049 2914 1096 2956 V.
1119 2910 1182 2953 Π.
1206 2926 1248 2965 7²·
1274 2914 1353 2960 427·
1381 2906 1535 2946 ‹³1882·
