1788 3183
58 243 250 291 Fictilia,
302 246 429 300 inque
467 259 596 286 novas
635 242 786 286 cernes
827 258 1108 286 concrescere
1141 258 1284 288 metas.

59 316 175 355 Haec
205 315 333 355 simili
364 318 534 371 argilla,
568 317 737 370 rituque
765 316 954 355 linuntur
986 316 1136 356 eodem

59 387 294 434 Sacchara‚
335 401 440 441 quae
480 396 637 427 tantum
675 387 825 440 primis
863 387 1082 435 albedine,
1134 397 1334 442 quantum

56 457 255 496 Pondere
285 457 548 503 concedunt,
581 457 820 511 efl'oetaque
849 458 973 496 mella
1007 459 1231 507 resudant,

58 528 310 581 Degeneres
341 529 516 576 latices,
555 542 635 568 nec
667 528 865 568 sacchara
894 529 1016 581 plura
1046 529 1230 569 daturos.

56 600 164 636 Tum
193 612 360 652 quoque
391 599 453 638 sas
488 600 620 650 (alius
661 599 696 639 si
724 598 815 638 fors
856 599 936 638 tibi
976 598 1175 652 displicet
1208 602 1339 652 usus)

55 668 252 708 Condere
282 670 404 709 mella
434 670 548 710 cadis
566 700 576 719 ‚
609 680 649 710 et
679 670 848 710 condita
877 671 1046 710 soli'ere
1076 672 1281 725 lymphis,

53 740 108 778 Ut
136 740 251 793 large
283 740 440 789 diluta,
474 755 548 780 suo
580 755 674 781 cum
702 750 896 794 tempore
926 751 1123 781 acescent
1141 767 1159 789 ,-

55 810 254 851 Clibanus
285 812 487 864 excipiat,
519 812 710 866 lentique
738 812 900 852 inclusa
928 813 1097 852 metallo

56 880 287 921 Attenuent
328 883 471 935 ignes,
513 882 648 922 donec
693 882 769 922 sub
797 882 979 922 culmine
1009 883 1120 923 vasis

54 953 258 992 Paulatim
301 955 505 1001 collecta,
563 952 694 993 fluant
730 967 810 1006 per
847 953 971 993 devia
1011 955 1168 1001 rostri,

52 1024 107 1062 Et
148 1023 317 1063 tandem
354 1033 564 1063 austerum
612 1023 792 1063 reddant
831 1024 983 1063 stillata
1025 1038 1232 1078 saporem.

53 1094 263 1154 Quantum
291 1094 394 1135 haec
425 1095 643 1148 mancipiis
673 1095 863 1133 arrident
892 1095 1063 1148 pocula!
1111 1097 1311 1136 ‘Nummos

51 1165 245 1219 Undique
278 1165 471 1205 conradit
499 1165 620 1218 plebs
651 1165 778 1216 Asra;
812 1166 998 1214 cibaria,
1030 1174 1196 1213 vestes,

52 1237 170 1298 Quae
199 1236 338 1279 labor,
385 1235 621 1289 ingenium,
662 1236 832 1276 fortuna
861 1237 928 1277 vel
958 1236 1121 1283 attulit,
1155 1249 1254 1276 aere

48 1306 260 1346 Distrahit
290 1307 442 1360 exiguo
461 1336 471 1354 ,
503 1306 660 1360 cyathis
694 1320 776 1360 quo
808 1317 973 1360 guttura
1004 1307 1134 1359 largis

51 1379 249 1426 Proluat,
281 1377 384 1416 heu!
415 1377 546 1416 nimio
578 1392 823 1431 quamquam
854 1391 979 1430 saepe
1009 1376 1127 1416 ebria
1156 1385 1273 1429 potu.

52 1451 276 1488 Immanem
310 1449 457 1488 subeat
488 1448 593 1486 duro
626 1448 702 1487 sul)
733 1447 874 1501 judice
904 1462 1095 1502 poenam.

167 1519 373 1559 Sacchara
404 1508 684 1571 seui-ecoqui
715 1518 880 1567 lubeat,
914 1533 989 1558 seu
1017 1518 1168 1572 pocula
1199 1516 1337 1558 servis

54 1591 181 1630 Grata
213 1605 362 1644 pares,
397 1604 472 1630 seu
501 1590 614 1629 forte.
645 1590 760 1642 juvet
788 1604 857 1628 res
888 1599 1091 1643 utraque,
1123 1602 1266 1628 curam

49 1661 129 1700 His
160 1661 339 1715 adjunge
370 1662 514 1708 aliam,
548 1662 742 1700 sudantes
775 1660 916 1700 visere
945 1670 1075 1699 metas
1095 1689 1104 1707 ,

49 1731 293 1774 Observans
334 1747 416 1787 quo
455 1733 567 1771 lenta
608 1730 738 1770 fluant
773 1731 1019 1784 purgamina
1050 1745 1189 1771 cursu.

48 1803 208 1842 Labilis
239 1817 290 1842 ex
321 1812 410 1842 toto
440 1811 660 1856 postquam
691 1803 925 1842 cessaverit
953 1802 1118 1850 humor,

48 1873 144 1934 Quo
179 1883 358 1927 purgata
395 1874 480 1913 suis
522 1872 719 1912 excludas
761 1872 956 1912 sacchara
994 1873 1146 1912 formis

46 1947 230 1997 Tempus
260 1945 404 1994 adest,
436 1944 480 1982 ni
510 1943 622 1983 sorte
653 1944 789 1997 pluat,
830 1943 1084 1983 Phoebusve
1114 1943 1352 1998 nigrantem

44 2015 249 2055 Conditus
281 2016 323 2054 in
352 2016 507 2054 nubem
538 2024 737 2055 venturos
768 2015 932 2054 nuntiet
961 2015 1133 2054 imbres.

44 2086 148 2124 Nam
187 2085 336 2126 formis
375 2100 549 2126 excussa
592 2086 731 2125 solent
772 2085 974 2125 invadere
1017 2087 1182 2133 cultro,

41 2156 271 2196 Frustatim
315 2156 515 2204 caedunt,
559 2156 741 2210 purique
780 2155 832 2195 ad
871 2155 1040 2195 luminis
1082 2171 1204 2197 auras

40 2227 303 2266 Exsiccanda
332 2228 493 2275 locant,
527 2227 662 2267 donec
691 2227 967 2280 penetrabilis
998 2230 1096 2274 aer,

40 2299 122 2345 Et,
155 2297 362 2352 quidquid
392 2306 586 2351 superest
613 2297 833 2345 humoris,
867 2297 1047 2351 dissipet
1075 2307 1228 2338 aestus.

154 2370 293 2422 Ergo,
323 2382 444 2407 mane
484 2382 623 2416 novo,
666 2368 799 2408 nudas
842 2368 922 2407 tibi
966 2369 1119 2408 sistere
1165 2366 1329 2411 metas*

41 2439 135 2479 Alta
166 2453 295 2492 super
322 2437 503 2478 tabulata
532 2439 656 2492 jube:
689 2438 802 2493 quod
832 2452 1009 2493 surgere
1040 2448 1188 2493 contra

38 2510 261 2563 Aspicies,
292 2510 469 2550 totidem
501 2509 670 2552 diverso
701 2523 724 2549 e
752 2523 964 2549 marmore
992 2523 1134 2550 caesas

40 2580 285 2634 Pyramides
317 2581 395 2619 tibi
425 2590 535 2620 stare
565 2590 700 2634 putes.
758 2580 882 2620 Haud
913 2580 1106 2620 omnibus
1138 2580 1249 2621 idem

39 2653 117 2692 Est
150 2652 330 2692 candor:
362 2651 498 2691 niveis
527 2650 630 2690 haec
661 2651 813 2691 albicat
841 2652 1001 2691 aemula
1031 2652 1198 2704 cycnis,

39 2724 112 2762 Illa
141 2723 277 2762 minus
308 2721 484 2773 candet3
515 2721 617 2775 quin
647 2730 689 2761 et
715 2736 814 2776 pars
843 2722 1018 2762 maxima
1047 2723 1192 2774 plures

40 2793 244 2842 Exhibet‚
276 2802 450 2847 aspectu
481 2793 619 2835 varios
646 2793 899 2850 pretioque,
930 2794 1114 2835 colore-«⁵.

1478 133 1558 176 591
