1788 3183
63 150 349 192 Gasani-11:312.
419 148 703 190 OBSERVA'HO
734 163 984 192 cnoromcs
1016 166 1071 192 nr
1104 166 1399 195 osscoxonica.
1471 157 1560 203 559

173 271 266 309 Nec
295 277 359 308 est
390 269 574 308 alienum
603 269 767 322 Maydis
797 269 986 317 farinae,
1016 272 1232 313 triticinae
1264 277 1560 328 commisceri3

61 335 152 366 tum
190 326 304 365 enim
341 326 393 364 ad
434 339 601 365 omnem
642 336 812 369 nostrae
851 326 1012 366 farinae
1054 331 1315 380 parationem
1356 342 1448 386 apta
1481 344 1558 374 est.

63 384 204 436 Atque
245 382 355 419 Zeae
395 381 530 419 farina
571 382 657 421 illis
696 383 739 420 in
782 382 1033 436 regionibus
1065 384 1311 425 salubritate
1344 401 1559 429 commen-

61 439 184 478 datur
207 434 482 483 hominibus,
527 438 599 490 qui
639 438 767 476 vitam
805 452 977 491 semper
1015 449 1141 492 agunt
1182 441 1399 482 duriorem
1438 447 1558 499 cqui-

63 494 217 540 tando,
270 492 464 531 venando
512 493 783 547 pecudesque
823 494 1084 548 laqueando;
1135 510 1258 550 quam
1297 498 1351 537 ob
1395 512 1560 540 causam

66 558 278 602 tamquam
322 548 558 586 communis
598 549 716 600 panis
756 549 798 587 in
839 564 961 588 usum
1000 560 1144 590 vocata
1176 553 1329 592 siccata
1362 555 1488 594 etiam
1519 558 1563 595 in

65 604 253 646 corbulis
284 604 463 655 dapibus
495 605 737 656 opponitur.
798 606 956 647 Verum
989 607 1264 654 mulieribus,
1294 611 1422 649 vitam
1452 625 1562 650 sum-

64 673 242 714 mopere
270 659 453 698 inertem
476 660 827 713 transigentibus‚
858 660 914 701 ob
945 662 1118 714 glutinis
1148 664 1359 704 defectum
1390 666 1567 706 difficil-

63 717 148 757 lius
177 716 505 770 concoquenda‚
549 717 687 754 minus
717 717 864 756 utilior
892 717 1084 766 videtur3
1123 732 1202 758 nec
1234 722 1349 768 scio,
1381 737 1431 761 an
1461 723 1565 763 haec

67 774 114 813 in
142 771 293 825 primis
324 772 581 810 numeranda
613 773 666 810 sit
697 773 860 820 causis,
900 774 1017 828 quod
1046 774 1153 813 istae
1183 777 1385 817 mulieres
1417 778 1569 818 simili-

70 839 140 869 ter
169 836 297 881 atque
336 828 524 866 turcicae
556 827 712 866 eximie
744 841 870 881 saepe
909 829 1197 882 pinguescant.

182 885 340 929 Potus,
384 884 457 937 qui
500 897 523 922 e
566 884 729 934 Maydis
771 884 914 936 granis
952 884 1003 923 ab
1044 885 1396 928 autochthonibus
1426 889 1571 929 Brasi-

68 941 152 980 liae
182 939 529 978 fastidiosissime
568 953 872 992 saepenumero
903 949 1074 993 paratur
1131 945 1441 990 (mandentibus
1473 959 1570 999 gra-

70 1009 225 1037 norum
254 1005 418 1047 partem
449 994 622 1040 vetulis,
669 1009 846 1047 quarum
889 997 1014 1035 saliva
1044 996 1300 1038 fermentum
1332 1014 1408 1051 pro
1440 1000 1568 1041 deco-

71 1061 173 1099 cto,
206 1064 258 1089 ex
286 1051 466 1105 reliquis
497 1052 638 1104 granis
667 1061 814 1103 parto,
846 1055 1141 1106 assequantur)
1183 1055 1291 1106 apud
1322 1070 1466 1095 omnes
1498 1057 1565 1096 fe-

71 1122 140 1148 ras
170 1107 375 1147 Brasiliae
405 1107 599 1146 nationes
629 1107 671 1145 in
706 1121 782 1144 usu
811 1116 905 1156 est3
950 1109 1002 1147 ab
1032 1108 1172 1163 iisque
1203 1111 1330 1149 etiam
1359 1112 1401 1150 in
1431 1113 1568 1152 Peru-

75 1165 168 1212 νὴ,
213 1162 436 1203 Columbia
472 1171 515 1202 et
549 1163 592 1200 in
626 1162 811 1215 imperio
848 1164 1068 1203 mexicano
1107 1166 1195 1216 pari
1223 1167 1349 1207 modo
1376 1169 1571 1221 apparari

74 1228 252 1261 constat.
308 1220 478 1258 Incolae
513 1218 694 1272 originis
735 1218 982 1259 lusitanicae
1024 1220 1253 1271 rejiciunt,
1309 1224 1382 1276 qui
1422 1233 1571 1264 contra

77 1277 207 1315 etiam
232 1277 480 1314 immaturos
504 1287 731 1326 granorum
755 1274 945 1325 spadices
976 1276 1107 1314 oleris
1134 1276 1230 1317 loco
1257 1278 1409 1326 edere,
1442 1289 1485 1319 et
1507 1282 1578 1319 In-

77 1332 229 1372 dorum
253 1344 395 1377 more,
428 1345 449 1369 a
472 1329 625 1384 quibus
655 1331 738 1370 hoc
765 1329 882 1369 docti
907 1340 1030 1377 sunt,
1079 1333 1122 1370 in
1159 1335 1374 1373 nonnullis
1409 1335 1572 1375 morbis

77 1401 270 1442 magnam
292 1386 420 1427 calidi
455 1400 684 1439 granorum
710 1387 877 1426 decocti
908 1387 1074 1440 copiam
1099 1387 1249 1428 bibere
1283 1392 1435 1431 solent.
1493 1392 1596 1432 Va-'

78 1457 187 1497 pore
221 1458 303 1482 una
339 1442 490 1481 hausto
529 1443 744 1481 interdum
780 1442 909 1482 sudor
955 1443 1153 1496 profusus
1188 1445 1405 1494 efficitur,
1451 1456 1577 1501 atque

77 1499 378 1552 transpiratio‚
412 1512 519 1552 quae
541 1497 770 1537 deficiebat
790 1508 939 1545 antea,
971 1500 1240 1548 restituitur,
1274 1502 1339 1541 vel
1365 1502 1407 1541 in
1437 1503 1578 1556 syphi-

78 1556 202 1596 litico
222 1556 404 1608 aliisque
432 1556 473 1592 in
496 1554 656 1593 morbis
679 1554 932 1594 cachecticis
953 1555 1128 1594 materia
1150 1569 1327 1609 peccans
1347 1570 1369 1596 e
1395 1571 1580 1611 corpore

79 1621 342 1653 removetur.
403 1610 590 1657 Pecudi‚
622 1611 870 1649 nominatim
901 1611 1023 1665 equis
1054 1619 1097 1650 et
1126 1613 1274 1660 mulis,
1319 1613 1581 1653 frumentum

82 1668 316 1713 turcicum,
363 1666 617 1719 praesertim
659 1666 704 1704 in
746 1666 998 1714 itineribus,
1043 1667 1117 1705 ubi
1150 1667 1229 1707 hac
1263 1669 1316 1707 de
1346 1682 1497 1717 causa,
1543 1669 1580 1708 si

81 1723 301 1763 domicilia
340 1724 520 1769 desunt,
579 1734 749 1773 semper
796 1735 942 1762 secum
991 1722 1148 1762 ducere
1204 1724 1344 1763 solent
1393 1724 1582 1772 asinarii,

83 1779 320 1834 praecipuo
336 1778 381 1817 fit
396 1779 615 1819 alimento.
647 1778 925 1819 Veneniferis
947 1778 1196 1832 quibusdam
1218 1779 1364 1819 herbis
1388 1793 1586 1820 consum-

85 1837 165 1882 tis,
210 1844 256 1874 ut
297 1832 379 1872 Yco‘
412 1834 669 1887 (Cappari
698 1835 834 1882 irco,
876 1837 1052 1873 Marta
1085 1835 1238 1874 noxius
1267 1835 1448 1876 effectus
1479 1849 1585 1875 non·
1628 1844 1633 1850 '

84 1904 301 1946 nunquam
343 1904 570 1943 permagna
621 1889 783 1940 Maydis
832 1890 1034 1944 portione
1080 1890 1233 1930 bestiis
1273 1891 1368 1931 data
1406 1892 1585 1932 tollitur.

87 1949 196 1988 Sunt
220 1947 348 1987 etiam
369 1947 484 1988 heri.
517 1946 590 2000 qui
617 1946 838 1999 saginandi
873 1959 999 1986 causa
1023 1946 1152 1985 Zeam
1178 1948 1364 1987 crassius
1397 1947 1586 1988 molitam

85 2003 209 2058 equis
246 2002 545 2056 suppeditent3
587 2002 703 2056 quod
737 2016 844 2054 opus
881 2010 970 2048 est,
1023 2001 1191 2055 quando
1225 2003 1325 2057 equi
1363 2012 1433 2042 aut
1464 2003 1583 2048 muli,

84 2069 130 2099 ut
154 2059 324 2111 saepius
351 2056 446 2097 fieri
475 2057 610 2104 solet,
653 2058 855 2098 morboso
891 2058 1084 2110 appetitu
1123 2059 1208 2096 acti
1245 2069 1358 2098 terra
1386 2059 1588 2098 devorata

83 2116 235 2156 dentes
258 2116 315 2154 ita
336 2114 648 2167 depravarunt,
690 2122 735 2152 ut
767 2114 903 2154 solida
938 2127 1068 2168 grana
1103 2127 1250 2154 morsu
1284 2114 1478 2155 dividere
1510 2128 1584 2153 ne·

92 2179 266 2228 queant.
1540 2218 1543 2220 μ

201 2229 252 2266 11.
290 2227 417 2266 Juxta
458 2227 585 2264 Zeam
625 2224 799 2277 Oryza
829 2225 1089 2264 frumentum
1119 2234 1185 2266 est
1215 2226 1393 2266 maxime
1422 2226 1590 2279 praeci-

87 2296 244 2338 puum,
275 2282 393 2337 quod
420 2282 464 2320 in
496 2281 674 2321 Brasilia
703 2282 871 2321 colitur.
931 2281 1105 2329 Planta,
1150 2281 1268 2335 cujus
1309 2282 1488 2335 patriam
1528 2283 1586 2336 ig-

88 2352 312 2386 noramus,
343 2338 456 2378 forte
502 2337 647 2377 Indiae
688 2338 934 2384 orientalis,
967 2338 1036 2377 cui
1065 2338 1116 2376 ab
1146 2338 1456 2391 antiquissimis
1488 2338 1589 2377 inde

88 2394 357 2449 temporibus
388 2402 486 2433 nota
517 2402 609 2441 est,
654 2393 857 2447 indigena
900 2402 1026 2447 atque
1057 2394 1184 2432 etiam
1216 2407 1293 2446 per
1324 2394 1472 2432 multas
1503 2395 1611 2432 Eu·⁴

87 2464 219 2505 ropae
248 2449 539 2490 meridionalis
578 2449 771 2503 regionis
811 2447 988 2496 diffusa,
1021 2449 1193 2501 primis,
1239 2458 1335 2502 post
1363 2448 1609 2488 Brasiliam'

91 2508 327 2552 detectam,
373 2506 642 2558 temporibus
695 2519 842 2559 parurn
898 2505 1058 2543 ibidem
1110 2505 1220 2543 culta
1268 2517 1364 2543 esse
1404 2496 1613 2545 videtur-1⁶

91 2562 279 2617 Propter
306 2561 576 2602 fertilitatem
601 2571 738 2600 autem
763 2574 898 2614 paene
922 2559 1246 2607 incredibilem,
1286 2574 1366 2614 qua
1396 2561 1589 2613 exiguam
1611 2559 1617 2563 ’

92 2619 308 2673 agricolae
339 2631 513 2671 opernm
544 2627 863 2663 remuneratur,
894 2616 986 2668 ejus
1018 2615 1181 2655 cultura
1211 2617 1343 2668 magis
1373 2629 1591 2670 magisque

96 2674 271 2715 extendi
302 2682 454 2726 coepta
485 2682 575 2722 est3
613 2682 656 2712 et
687 2673 732 2711 in
761 2673 925 2727 aliquot
954 2671 1227 2725 regionibus,
1274 2680 1318 2709 ut
1351 2672 1393 2709 in
1422 2671 1594 2724 provin-

95 2732 161 2770 cia
179 2731 531 2783 Maragnanensi,
564 2729 771 2768 societate
801 2728 1081 2774 mercatoria,
1112 2724 1399 2779 (Companhia
1415 2725 1469 2764 do
1486 2723 1594 2765 Ma·

95 2783 265 2826 ναηΙιᾶο
303 2798 326 2824 e
363 2780 498 2824 Gram
537 2781 699 2835 Para),
740 2797 968 2823 romnamo
1013 2791 1185 2823 auctore
1215 2782 1430 2830 instituta,
1473 2780 1620 2821 imina

95 2843 249 2884 striosa
288 2841 502 2891 auctrice,
545 2840 647 2881 inde
687 2839 739 2881 ab
779 2854 890 2881 anno
938 2838 1062 2892 1766,
1103 2852 1190 2892 quo
1229 2847 1426 2892 tempore
1452 2835 1621 2890 Dryas>
