1788 3183
57 143 341 190 Gmummss.
416 141 710 184 Omna-vano
745 156 994 184 ozoromca
1023 157 1077 184 m·
1109 154 1404 184 oeconomu-
1460 141 1554 186 ⁴555

59 272 278 310 servetur,
324 263 507 309 Zeam,
553 262 696 315 prisco
736 271 778 301 et
808 263 951 314 ignoto
984 262 1159 316 quodam
1192 264 1401 315 scriptore
1430 267 1556 306 teste,

63 319 134 373 qui
163 319 482 358 observationes
513 331 590 370 per
621 328 783 371 septem
823 319 959 358 decim
990 332 1119 357 annos
1151 319 1191 356 in
1221 317 1399 357 Brasilia
1429 315 1561 355 saetas

59 389 170 415 anno
205 376 308 423 1580
350 376 402 413 D.
436 387 709 414 cams'rovAo
741 388 798 412 DF:
828 387 973 413 moena
1018 388 1095 427 per
1133 374 1292 413 litteras
1333 370 1558 412 communi-

60 431 196 477 cavit,
237 429 345 483 apud
386 429 582 467 Indianos
632 427 869 475 Uba-tim‚
925 430 1034 481 apud
1078 429 1302 468 Lusitanos
1349 425 1558 466 Zaburro

60 486 215 526 dietam
258 498 376 530 esse,
423 482 571 523 Millzo
612 494 778 532 autem,
820 494 864 524 ut
904 499 1015 525 nunc
1061 494 1259 532 vocatur,
1310 484 1354 523 in
1396 482 1561 524 Guinea

60 555 216 582 nomen
245 540 335 592 ejus
368 549 584 592 receptum
614 541 759 580 fuisse.
1206 554 1209 558 ·

175 596 340 649 Maydis
381 596 520 648 planta
564 596 710 642 sacili,
762 596 963 649 globoso,
1022 604 1115 633 atro
1165 594 1423 648 humidoque
1467 592 1562 631 solo

65 651 243 706 gaudet,
284 661 325 690 at
353 665 454 689 vero
497 652 541 689 in
581 653 773 690 omnibus
818 652 908 690 aliis
950 665 1117 704 quoque
1151 660 1288 690 terrae
1317 647 1561 703 generibus,

64 718 178 748 terra
209 707 429 760 argillosa,
472 706 979 759 ferruginem-rubente,
1020 707 1144 745 inuno
1186 707 1309 745 etiam
1350 707 1393 744 in
1438 717 1566 743 arena

64 763 287 818 provenit,
320 762 445 801 modo
474 776 527 800 ne
556 764 765 815 rigatione
794 771 933 801 carcat
961 775 1039 801 nec
1071 763 1141 802 sit,
1153 762 1341 814 exposita
1370 759 1454 800 illis
1483 758 1564 798 fri-
1598 760 1599 763 ’

68 819 266 873 got-ibus,
296 831 400 870 quae
429 818 551 870 hujus
583 820 746 871 plantae
777 819 930 857 cultum
963 821 1004 855 in
1035 818 1172 856 multis
1196 820 1391 870 Europae
1421 814 1564 868 regio-

65 876 190 916 nibus
236 874 458 913 difficilem
497 875 692 913 reddunt.
763 876 904 927 Itaque
935 882 976 912 et
1006 873 1049 911 in
1078 874 1203 912 terris
1235 882 1350 912 extra
1380 871 1565 912 circulos

68 931 261 985 tropicos
295 930 411 976 sitis,
462 929 506 968 in
555 930 785 983 provinciis
830 929 911 967 Hio
955 927 1128 967 Grande
1166 929 1220 967 do
1251 927 1330 967 Sal
1359 938 1401 967 et
1429 940 1564 979 usque

65 985 267 1027 Mentem
306 985 478 1024 W'deum
518 995 559 1025 et
598 987 641 1024 in
680 985 979 1025 fervidissimis
1011 985 1086 1023 sub
1116 986 1356 1038 Aequatore
1387 983 1563 1036 provin-

69 1043 148 1084 ciis
180 1042 347 1082 colitur.
404 1042 563 1082 Verum
593 1042 769 1080 maxima
799 1055 927 1094 opera
959 1041 1047 1093 ejus
1078 1042 1265 1080 culturae
1299 1041 1342 1079 in
1371 1039 1412 1078 S.
1438 1035 1569 1077 Pauli

74 1108 119 1139 et
146 1096 302 1138 Ilqinas
333 1096 491 1136 Get-[tes
519 1098 752 1151 provinciis
784 1096 971 1149 impendi
1003 1096 1188 1143 videtur,
1220 1097 1389 1135 minima
1419 1108 1441 1133 e
1472 1106 1571 1134 con·

70 1155 232 1202 trario,
274 1168 353 1207 pro
394 1154 625 1193 incolarum
655 1153 920 1206 frequentia,
963 1152 1007 1190 in
1046 1152 1278 1203 provinciis
1309 1149 1567 1204 aquilonari-

70 1210 150 1250 bus
180 1209 316 1249 Sem-ci
345 1219 386 1248 et
416 1206 737 1255 Ρενιιαιηὴηεο,
784 1222 888 1262 quae
933 1208 982 1246 ab
1021 1208 1147 1247 rebus
1186 1221 1236 1246 ex
1276 1208 1366 1247 aliis
1397 1204 1569 1259 imperii

74 1267 268 1320 partibus
297 1266 530 1318 importatis
560 1265 789 1319 plurimum
820 1263 1019 1317 pendent.

184 1322 312 1375 Agris
351 1322 558 1373 sylvarum
600 1321 907 1373 primitivarum
938 1319 1065 1359 caede
1098 1329 1139 1359 et
1170 1318 1472 1370 exstirpatione
1502 1331 1572 1370 pa-

76 1377 177 1419 ratis
216 1377 445 1431 praecipue
494 1386 538 1415 ut
576 1378 704 1416 utaris
745 1377 924 1429 primum
979 1388 1072 1414 esse
1120 1374 1399 1427 agriculturae
1437 1372 1573 1412 brasi-

75 1434 224 1473 liensis
262 1441 560 1486 praeceptum,
606 1441 782 1473 constat.
840 1433 982 1483 Itaque
1023 1432 1065 1469 in
1106 1431 1174 1469 illa
1204 1430 1407 1469 brasiliae
1436 1437 1572 1481 parte,

75 1503 180 1543 quae
212 1490 347 1541 sylvas
376 1489 595 1540 possidet,
639 1489 715 1527 hae
756 1488 856 1526 item
899 1487 950 1525 ad
982 1489 1130 1525 Zeam
1163 1485 1399 1538 Maydem
1432 1485 1572 1524 colen-

75 1546 170 1584 dam
201 1545 324 1597 vulgo
356 1544 548 1583 adhiberi
579 1546 741 1589 solent,
791 1553 832 1582 et
857 1543 955 1582 huic
986 1543 1156 1597 quidem
1188 1542 1350 1594 plantae
1380 1553 1574 1594 praeser-

80 1601 151 1641 tim
190 1601 283 1640 loca
326 1601 450 1639 humo
488 1600 799 1653 pingui—nigra
840 1599 1155 1644 conceduntur,
1210 1597 1344 1635 minus
1389 1605 1482 1649 apta
1524 1595 1578 1635 ad

79 1656 384 1710 procreandam
398 1658 669 1696 Mandioccae
698 1655 882 1694 radicem
913 1654 1182 1704 (Maniliot
1211 1653 1483 1692 utilissim
1501 1665 1575 1691 am

81 1722 123 1752 et
155 1712 302 1766 Aipi,
345 1713 487 1763 Pohl.)
530 1722 756 1765 propterea
785 1710 898 1763 quod
929 1711 1093 1763 saepius
1122 1708 1190 1754 fit,
1233 1718 1277 1747 ut
1322 1708 1485 1747 radices
1530 1707 1575 1746 in

81 1769 135 1808 iis
164 1778 421 1822 putrescant.
481 1769 561 1807 Ubi
593 1777 727 1807 autem
760 1768 898 1819 sylvae
928 1766 1103 1812 desunt,
1158 1773 1202 1803 ut
1242 1765 1286 1802 in
1327 1763 1577 1817 regionibus

83 1824 431 1864 meridionalibus
462 1825 667 1864 tricesimi
698 1822 849 1876 gradus
880 1822 1136 1867 latitudinis,
1191 1833 1237 1859 ea
1282 1821 1372 1858 loca
1414 1820 1578 1871 eligun-

85 1890 177 1928 tur,
224 1894 332 1934 quae
364 1881 447 1919 situ
485 1894 559 1919 suo
592 1894 736 1919 versus
770 1877 947 1930 frigidos
978 1887 1125 1916 ventos
1156 1874 1581 1914 meridionali-occi·

88 1938 277 1977 dentales
312 1934 578 1986 (Miuuanos
615 1951 689 1974 seu
727 1932 959 1987 Pamperos
995 1937 1210 1981 vocatos),
1260 1930 1390 1970 veluti
1435 1943 1582 1969 versus

89 1992 330 2047 graviorem
361 1993 463 2032 solis
495 1991 687 2030 ardorem
719 1999 827 2029 tecta
859 1998 977 2033 sunt,
1022 2001 1149 2041 seque
1194 1987 1307 2025 facili
1349 1995 1390 2024 et
1418 1985 1585 2024 humida

88 2058 201 2088 terra
231 2048 537 2089 commendant.
598 2048 661 2085 Ne
705 2047 861 2085 semina
906 2060 998 2085 cnm
1036 2042 1287 2083 difficultate
1319 2041 1582 2094 proveniant,

85 2114 240 2144 terram
277 2104 390 2144 facili
435 2103 604 2158 quidem
643 2103 819 2141 humore
865 2101 1080 2154 perfusum
1132 2112 1226 2137 esse
1276 2111 1452 2137 necesse
1501 2105 1580 2143 est,

94 2176 174 2215 qua
203 2160 254 2199 de
286 2175 410 2200 eausa
452 2161 496 2198 in
536 2169 620 2198 tota
660 2158 839 2197 Brasilia
877 2160 991 2209 Mays
1032 2155 1393 2209 appropinquante
1425 2153 1488 2191 vel
1520 2152 1584 2190 in·

94 2217 281 2270 cipiente
320 2226 511 2268 tempore
550 2215 694 2268 pluvio
737 2213 934 2253 seminari
974 2213 1090 2250 solet.
1152 2210 1277 2267 Quod
1316 2224 1439 2262 quum
1482 2217 1585 2246 tem-

93 2288 167 2326 pus
197 2273 427 2312 secundum
471 2271 706 2311 distantiam
737 2271 787 2309 ab
819 2272 1059 2322 Aequatore
1099 2268 1282 2318 aliasque
1322 2264 1588 2304 conditiones

91 2330 135 2368 in
176 2328 358 2368 diversis
385 2328 491 2367 locis
534 2327 745 2366 diversum
779 2326 854 2364 sit.
896 2325 1078 2377 agricola
1108 2323 1150 2360 in
1180 2322 1255 2360 hac
1288 2335 1334 2358 re
1365 2328 1585 2360 consuetu-

91 2385 190 2423 dine
220 2394 343 2438 atque
373 2384 614 2437 praeceptis
645 2398 665 2421 a
688 2381 913 2433 majoribus
935 2379 1097 2418 traditis
1123 2377 1380 2429 obsequitur.
1423 2377 1582 2428 ltaque,

98 2440 279 2493 exempli
321 2440 476 2494 gratia,
522 2440 566 2477 in
604 2437 685 2477 Rio
727 2437 778 2476 de.
818 2435 992 2475 Janeiro
1037 2443 1075 2473 ct
1116 2432 1159 2475 S.
1193 2431 1330 2470 Paulo
1360 2434 1475 2483 Mays
1503 2444 1589 2469 ma-

96 2497 204 2535 xima
235 2509 286 2534 ex
315 2506 434 2549 parte
467 2493 730 2549 Septembri,
775 2494 817 2531 in
861 2492 1030 2530 deserto
1061 2488 1290 2528 filimarum
1321 2484 1589 2538 generalium

95 2551 302 2598 Octobri,
343 2552 386 2590 in
431 2549 688 2590 Illarcmlu‘io
731 2559 771 2588 et
804 2547 917 2586 Pam
948 2547 1145 2587 Januario
1177 2558 1319 2583 mense
1351 2544 1589 2582 seminatur.

92 2610 316 2648 Caeterum
336 2608 406 2647 hic
429 2608 522 2647 fere
544 2608 679 2646 omnia
694 2622 714 2646 a
736 2605 904 2645 diversa
927 2616 1070 2642 natura
1085 2602 1194 2640 illius
1220 2602 1382 2653 plantae
1407 2597 1588 2650 pendet;

91 2678 188 2703 nam
210 2664 339 2703 altera
361 2665 471 2704 Zeae
495 2664 688 2708 varietas,
722 2675 826 2714 quae
846 2659 1051 2713 praealiis
1074 2658 1238 2697 colitur.
1272 2656 1361 2707 plus
1387 2654 1591 2706 temporis

97 2719 149 2759 ad
171 2720 535 2760 matut-escendam
551 2719 679 2771 exigit
703 2718 765 2766 (in
781 2715 1024 2768 regionibus
1046 2711 1386 2752 meridionntibus
1407 2712 1594 2764 quinque

99 2785 167 2815 aut
192 2789 290 2823 sex,
324 2777 367 2813 iu
392 2773 793 2829 septentrionalibus
810 2781 986 2825 quatuor
1008 2771 1072 2808 rel
1091 2769 1272 2822 quinque
1292 2770 1505 2816 menses);
1535 2767 1594 2806 al-

98 2840 216 2880 tem,
251 2845 358 2886 quae
380 2833 424 2872 in
446 2831 626 2871 Brasilia
652 2828 808 2869 Cadete
838 2835 1036 2877 vocatur,
1082 2823 1273 2865 breviori
1302 2832 1494 2874 tempore
1509 2835 1594 2861 ma-
