1788 3183
496 164 779 207 Gnmmmn.
835 164 1057 207 PAmctm.
1076 222 1079 227 r
1501 159 1586 210 207

79 295 171 327 tum
207 284 329 326 soliis
369 285 498 326 etiam
535 284 791 325 lanceolatis
839 284 1004 325 strictis
1044 281 1206 338 glabris
1244 282 1295 323 ad
1330 297 1426 325 oras
1456 284 1586 340 longe

78 343 296 391 barbatis,
336 342 514 395 spiculis
544 341 677 382 fuscis
703 341 930 387 carinatis,
976 340 1100 394 apice
1130 339 1398 380 solummodo
1427 341 1586 394 pubes-

78 399 298 444 centibus,
350 399 574 453 glumaque
609 397 835 451 superiore
869 396 1050 438 trinervi
1085 394 1265 437 flosculo
1304 396 1585 451 hermaphro-

78 456 190 504 dito,
222 455 438 509 aliquanto
466 453 669 494 breviore
694 452 856 493 differt.

190 522 305 563 Hah.
333 524 375 563 in
404 523 530 564 India
552 522 773 566 orientali.

192 595 422 637 Observ.
479 595 743 635 Panicum
773 602 1032 648 reptans,
1062 590 1194 632 Herb.
1221 591 1394 632 Sela-eb.
1415 602 1481 634 est
1505 595 1586 635 Di-

80 651 260 705 gitariae
293 653 484 713 species,
513 652 683 692 scilicet
712 651 976 690 Panicum
1005 663 1248 703 repens,
1295 648 1450 688 Burm.
1487 649 1588 692 Jnd.

80 710 170 750 tab.
198 723 259 747 ιι.
284 705 373 761 fig.
412 723 469 758 1.,
501 721 728 761 perperam
758 706 809 747 ad
839 707 886 745 P.
919 706 1261 759 grossarium
1291 706 1495 755 citatum,
1526 715 1586 758 et,

79 765 143 804 uti
183 764 432 804 verosimile
474 763 614 804 habeo
632 793 642 812 ‚
695 765 743 802 P.
803 762 1124 816 setigerum
1173 760 1318 800 Retzii
1371 760 1469 801 Obs.
1507 764 1585 803 IV.

72 833 118 873 ρ.
155 822 240 868 ι5.,
273 820 407 873 spicis
433 820 720 875 subgeminis‚
750 818 900 859 rhachi
926 818 978 857 ad
1009 817 1271 872 spicularum
1302 818 1426 858 bases
1464 818 1587 873 pedi-

76 876 287 932 cellisque
311 877 481 918 setosis,
509 900 566 906 ——
595 879 632 916 E
658 877 759 916 Java
787 874 937 914 insula.

191 948 456 987 Panicum
486 947 815 986 muricatum
844 942 1011 991 Retzii.
1044 941 1241 985 obs-JV.
1260 959 1306 998 p.
1335 946 1398 986 18.
1427 944 1585 987 VWlld.

79 1003 152 1056 Sp.
173 1002 236 1056 pl.
271 1005 306 1043 I.
335 1018 380 1058 ρ.
407 1003 503 1052 348.
536 1000 657 1043 Pers.
690 1000 802 1056 Syn.
832 1002 866 1040 I.
901 1015 947 1050 p.
977 999 1046 1040 83.
1080 1015 1123 1039 n.
1160 1002 1220 1042 ¹5.
1254 999 1308 1039 R.
1344 1009 1384 1041 et
1411 1001 1508 1042 Sele.
1541 999 1586 1043 S.

89 1061 132 1100 V.
167 1058 230 1097 II.
258 1074 303 1113 ρ.
348 1060 443 1108 435.
483 1058 617 1109 (excl.
649 1072 808 1113 synon.
873 1056 1081 1097 Anatheri
1123 1058 1347 1107 muricati‚
1392 1055 1491 1098 Pal.
1534 1058 1587 1098 de

77 1112 267 1164 Beauv.)
300 1113 395 1168 Spr.
425 1114 468 1155 S.
503 1115 549 1155 V.
573 1114 608 1154 I.
630 1129 676 1169 p.
707 1114 803 1154 322.
836 1128 879 1152 η.
914 1114 1004 1166 195.
1063 1113 1111 1152 P.
1155 1114 1440 1154 radicanti
1485 1129 1588 1168 pro-

78 1171 258 1218 ximum,
303 1172 452 1211 itidem
499 1180 545 1211 ut
589 1171 779 1226 reliqua,
824 1169 894 1209 hic
927 1179 1198 1216 enumerata,
1238 1170 1415 1223 spiculis
1446 1170 1586 1211 altero

77 1228 209 1266 latere
246 1227 440 1280 gibbosis
481 1227 676 1282 insigne,
722 1225 870 1266 differt
900 1235 1064 1267 tament
1110 1224 1229 1267 soliis
1255 1226 1383 1279 paulo
1418 1226 1586 1266 latiori-

76 1283 155 1322 bus
186 1297 312 1336 supra
340 1283 522 1336 pilosis,
555 1282 749 1336 panicula
775 1281 935 1335 majore
963 1281 1180 1330 firmiore,
1222 1283 1350 1322 ramis
1388 1282 1587 1322 distanti-

77 1338 157 1378 bus
194 1339 371 1379 alternis
403 1339 650 1393 patentibus
671 1338 848 1378 ramulis
877 1336 1149 1390 paucissoris‚
1195 1338 1371 1392 spiculis
1403 1353 1490 1380 non
1518 1352 1588 1380 so-

79 1395 166 1434 lum
192 1395 527 1449 pubescentibus
551 1395 626 1436 sed
657 1396 785 1435 etiam
817 1393 1113 1434 tuberculatis.

189 1464 304 1505 Hah.
326 1473 365 1505 et
389 1468 469 1504 hoc
492 1465 534 1505 in
563 1464 692 1505 India
718 1462 932 1504 orlentali.

187 1537 444 1577 Panicum
475 1548 757 1578 curvatum
789 1536 924 1585 Lin„
954 1550 977 1576 a
1006 1535 1255 1576 Linnaeo
1279 1535 1486 1590 graphice
1511 1535 1588 1576 de-

80 1592 308 1647 scriptum,
350 1594 467 1639 Srst.
502 1591 606 1633 Nat.
630 1591 745 1633 XII.
774 1606 820 1646 ρ.
847 1592 943 1644 730.
987 1589 1140 1641 VVilld,
1166 1593 1236 1645 Sp.
1264 1590 1329 1646 pl.
1357 1590 1394 1630 I.
1418 1607 1464 1646 ρ.
1489 1591 1587 1632 352.

80 1646 199 1689 Ρεικς,
225 1648 334 1688 Svn.
360 1640 460 1703 Rp.
492 1656 559 1697 84.
588 1664 631 1688 n.
662 1655 730 1701 76.
762 1648 818 1688 R.
855 1654 896 1687 et
935 1645 1034 1687 Sela.
1065 1644 1110 1687 S.
1146 1649 1188 1687 V.
1213 1645 1277 1687 II.
1304 1655 1401 1697 442.
1434 1646 1587 1688 IWant.

78 1702 141 1744 II.
170 1720 217 1759 ρ.
249 1697 343 1754 240.
376 1703 472 1758 Spr.
507 1707 548 1744 S.
591 1709 634 1746 V.
670 1703 706 1744 l.
725 1720 770 1759 p.
791 1704 889 1745 318.
913 1719 956 1744 η.
993 1709 1083 1755 147.
1115 1701 1258 1743 Roxb.
1295 1701 1362 1743 Fl.
1395 1702 1493 1744 [ηεί.
1520 1704 1588 1747 ed.

81 1758 182 1799 Car.
206 1768 244 1799 et
277 1760 414 1800 Wall.
441 1761 476 1800 J.
501 1775 547 1813 p.
575 1763 669 1814 28q.
686 1791 696 1809 ‚
744 1774 948 1801 summam
985 1761 1099 1799 inter
1126 1759 1231 1800 haec
1256 1761 1435 1815 gibbosa
1460 1762 1589 1802 attin-

75 1817 137 1870 git
162 1817 328 1871 glumae
358 1818 597 1870 superioris
623 1827 667 1857 et
691 1815 861 1858 ssosculi
884 1815 1228 1870 hermaphroditi
1249 1817 1584 1857 exuberantiam.

76 1872 199 1924 (Vidi
230 1873 272 1912 in
303 1871 434 1912 Herb.
467 1870 665 1925 Scltreb.)

185 1944 448 1984 Panicum
481 1944 815 1998 incomptum
848 1943 998 1983 Trin.
1030 1957 1083 1983 ex
1116 1943 1297 1983 istorum
1327 1944 1468 1994 tribu,
1499 1958 1589 1985 ma·

75 2000 188 2040 xime
229 2001 445 2055 singulare
480 2001 703 2054 paniculae
741 2000 871 2040 ramis
907 2000 1377 2055 crispato-intricati5‚
1420 2002 1480 2041 ita
1512 2002 1588 2041 de-

73 2056 267 2096 finimus:

184 2129 448 2168 Panicum
481 2128 823 2180 incomptum
854 2127 1034 2167 Trin.:
1063 2127 1256 2180 panicula
1291 2126 1487 2180 capillari
1507 2127 1584 2168 ob-

71 2183 197 2238 longa
231 2184 385 2229 densa.
439 2185 586 2224 rhachi
624 2186 789 2237 pilosa,
835 2185 964 2223 ramis
1004 2184 1583 2237 racemoso-decomposiiis

71 2241 332 2296 ramulisque
372 2240 826 2281 flexuoso-intricans
871 2240 1133 2293 subpilosis‚
1179 2240 1356 2292 spiculis
1386 2240 1583 2280 ovoideis

71 2297 256 2351 glabris,
290 2296 469 2337 flosculo
496 2308 647 2337 neutro
675 2296 857 2343 him-alvi,
899 2298 1040 2336 culmo
1068 2297 1318 2350 vaginisque
1344 2296 1584 2348 pubescen-

70 2353 208 2401 tibus,
250 2353 371 2394 foliis
406 2352 922 2394 lanceolam-linearibus
952 2353 1161 2406 elongatis
1191 2352 1393 2407 utrinque
1418 2352 1584 2406 piloso-

70 2410 246 2450 scabris.

182 2477 294 2518 Hah.
326 2478 368 2518 in
391 2477 591 2519 Manilla
624 2478 793 2530 insula,
837 2478 911 2519 ubi
934 2477 1156 2518 Chamisso
1185 2476 1304 2533 legit.
1350 2482 1414 2529 21..
1458 2477 1583 2531 (Isidi

71 2534 114 2574 in
145 2532 278 2575 Hcrb.
303 2534 356 2574 cl.
391 2533 568 2588 Trinii.)

183 2607 369 2646 Gramen
399 2607 562 2661 aliquot
584 2608 741 2662 pedum
768 2605 1022 2655 altitudine,
1052 2605 1168 2646 foliis
1196 2605 1442 2659 pedalibus,
1472 2613 1582 2656 7-8

71 2659 206 2701 lineas
239 2663 360 2711 latis,
409 2663 561 2716 planis.
632 2663 835 2702 Panicula
873 2663 1579 2715 racemoso·supradecomposita,

70 2717 198 2758 0—ss
219 2718 402 2771 pollices
435 2719 574 2773 longa.
633 2720 756 2759 Rami
785 2719 1136 2772 erecto-patuli3
1167 2719 1319 2757 ramuli
1342 2718 1579 2766 divaricati‚

68 2770 264 2814 flexuosi.
324 2775 533 2814 Pedicelli
560 2775 728 2830 proprii
753 2775 958 2821 solitarii,
990 2775 1159 2815 breves.
1200 2773 1399 2827 Spiculae
1426 2774 1583 2813 lineam

68 2828 139 2868 vix
174 2831 338 2884 longae.
399 2831 578 2871 Glumae
614 2831 1060 2878 herbaceo-virides,
1108 2831 1253 2870 nervis
1295 2829 1581 2885 marginibus-

69 2898 152 2937 que
203 2887 345 2928 albido
369 2910 385 2919 -
405 2888 657 2942 pellucidis,
706 2896 875 2937 ovatae,
935 2886 1137 2928 obtusae:
1190 2885 1375 2926 inferior
1418 2885 1580 2940 spicula
