1788 3183
175 197 261 241 374
697 191 980 230 Gnmummss,
1040 191 1185 230 Saum.

177 320 436 354 mucronata
478 310 631 352 Willd.
664 308 798 349 Ilerb.
830 316 892 347 est
920 307 1130 361 specimen
1152 305 1372 360 juvenile,
1414 307 1484 346 cui
1517 306 1690 363 glumu-

179 385 278 411 rum
298 368 518 423 margines
543 364 861 406 membranacei
882 363 1024 404 adhuc
1051 363 1210 415 integri
1224 364 1501 417 persistunt.)

648 502 683 531 2.
719 505 890 534 STIPA
935 503 1215 534 EMINENS.

292 601 357 639 St.
382 596 500 637 soliis
529 595 766 634 linearibus
790 595 1033 635 convolutis
1065 595 1278 651 nodisque
1298 594 1585 648 pubescenti·
1603 606 1693 633 sca·

178 655 298 704 bris,
330 654 460 705 ligula
488 651 732 691 abbreviata
753 680 762 697 ‚
804 652 998 704 panicula
1032 653 1219 691 secunda
1254 651 1438 704 simplici
1485 650 1695 703 composi-

180 722 274 753 tave
293 741 304 759 ,
337 709 492 763 glumis
516 707 844 762 subaequalibus
874 707 1123 748 lanceolatis
1158 708 1409 748 acuminatis
1432 705 1695 746 trinervibus

177 767 359 808 flosculo
386 764 645 805 euneisormi
664 764 815 803 scabro
839 764 1094 804 villosulove
1114 765 1207 804 basi
1230 763 1326 805 albo
1341 788 1356 794 -
1371 762 1540 803 hirsuto
1565 761 1695 815 duplo

178 822 477 879 longioribus,
510 821 639 860 arista
663 820 825 858 minute
859 821 1125 872 pubescente
1156 820 1249 860 basi
1274 819 1500 860 fimbriata.

290 894 413 946 stipa
453 891 668 942 eminens,
714 889 879 930 cacan.
917 890 979 930 Ic.
1023 895 1063 932 V.
1094 906 1138 944 ρ.
1169 898 1237 939 42.
1268 896 1300 929 t.
1326 888 1423 942 467.
1444 886 1480 942 s}
1513 905 1545 929 ι.
1573 886 1691 928 Pers.

344 949 455 996 Syn.
494 947 530 986 J.
571 962 615 1000 ρ.
658 961 725 1000 ()().
772 945 828 988 H.
865 953 904 985 et
941 946 995 987 Ii.
1037 946 1149 987 Noe.
1183 945 1234 987 G.
1269 952 1311 985 et
1351 944 1423 1000 Sp.
1457 947 1493 986 I.
1518 960 1564 1000 p.
1603 947 1693 986 125.

344 997 514 1044 Rnnllz.
551 1003 660 1057 Syn.
699 1003 734 1042 s.
766 1018 811 1057 p.
858 1006 947 1057 1q5.
979 1002 1036 1047 Ρι,
1066 1010 1108 1043 et
1134 1000 1232 1043 Seli.
1263 1005 1305 1041 S.
1349 1006 1391 1043 V.
1426 1002 1488 1041 II.
1519 1016 1564 1058 p.
1596 1001 1691 1053 337.

346 1064 444 1115 Spr.
473 1063 515 1102 S.
554 1064 595 1100 J.
630 1061 666 1099 s.
688 1074 733 1114 p.
765 1059 859 1100 256.

291 1133 493 1176 Variat
531 1131 707 1184 spiculis
742 1131 977 1184 majoribus
1015 1130 1084 1170 vel
1115 1128 1383 1179 minoribus,
1430 1128 1559 1170 arista
1595 1127 1697 1168 ssos-

180 1187 278 1229 culo
308 1188 352 1238 (3
378 1188 555 1231 lineari)
590 1188 819 1242 quinquies
846 1188 897 1227 ad
924 1187 1075 1227 novies
1109 1186 1409 1240 longioribus,
1451 1185 1630 1228 valvulis
1652 1184 1695 1223 iu

180 1244 325 1285 medio
351 1245 824 1284 tuberculato-seabris
847 1244 914 1285 vel
945 1244 1049 1284 totis
1077 1242 1343 1284 subvillosis.

293 1313 479 1354 Habitat·
515 1317 608 1355 Ῑὶιν.
647 1313 825 1367 spiculis
864 1313 1102 1363 majoribus
1123 1313 1181 1352 ad
1202 1311 1365 1353 Illonte
1407 1311 1546 1355 Video.
1590 1309 1699 1361 (Sel-

182 1370 286 1412 low.
314 1395 370 1402 —-
410 1376 452 1412 If.
485 1370 527 1409 in
555 1368 689 1410 Her-[1.
721 1369 832 1425 Reg.
869 1369 1041 1421 Berol.)
1083 1394 1139 1400 -—-
1185 1369 1285 1410 Var.
1311 1367 1489 1423 spiculis
1520 1366 1698 1407 minori-

183 1427 264 1468 Inzs
288 1426 331 1466 1'11
352 1419 528 1481 pascuis
553 1426 701 1466 Exido
731 1427 783 1465 sle
816 1425 971 1480 Quilo,
1015 1433 1053 1465 el
1088 1425 1145 1463 acl
1177 1439 1324 1465 muros
1350 1425 1485 1477 juxta
1514 1431 1702 1463 montem

182 1482 387 1535 Javirac,
427 1482 541 1522 altit.
584 1493 702 1536 1492.
734 1480 946 1537 Ῐιεεειὶροιῖ.
979 1483 1053 1533 (ab
1086 1480 1264 1532 Humb.)
1302 1485 1371 1535 2l..
1433 1478 1582 1520 Floret
1620 1477 1699 1519 Fe-

184 1539 362 1580 bruario
369 1570 379 1579 .

296 1622 330 1659 A
352 1617 644 1671 praecedente
670 1617 783 1657 notis
807 1616 1008 1656 indicatis
1037 1615 1140 1656 satis
1173 1615 1376 1656 distincta
1399 1613 1583 1669 species.
1623 1615 1709 1654 Fo-

186 1674 245 1714 lia
285 1683 486 1728 angusta,
534 1674 706 1721 striata,
740 1673 842 1726 pilis
866 1673 1042 1712 minutis
1071 1672 1227 1726 patulis
1261 1672 1371 1711 sicut
1396 1672 1502 1711 nodi
1529 1670 1705 1710 hirsuta.

184 1731 338 1784 Ligula
372 1729 539 1769 firmior
586 1743 710 1783 quam
755 1731 799 1768 in
840 1730 936 1776 illa,
996 1728 1243 1775 roumdata,
1298 1728 1459 1768 brevis.
1527 1726 1706 1767 Glumae

191 1787 495 1840 angustiores,
543 1786 670 1839 longe
714 1786 1001 1834 acuminatae‚
1050 1793 1230 1840 utraque
1270 1783 1498 1830 trinervis‚
1542 1783 1708 1833 (nervis

191 1842 590 1893 distinctioribus)‚
640 1842 789 1881 colore
838 1843 991 1881 baseos
1027 1841 1184 1881 fusco-
1208 1854 1453 1894 purpureo,
1499 1839 1709 1893 apieeque

187 1899 385 1951 hyalinae
413 1907 459 1937 ut
486 1898 529 1937 in
558 1897 642 1936 illa.
704 1898 930 1938 Floseulus
955 1898 997 1937 in
1028 1897 1219 1950 stipitem
1248 1895 1620 1948 albo-strigosum
1650 1903 1711 1935 at-

187 1963 400 1995 tenuatus.

303 2031 533 2073 Advers.
575 2034 605 2070 I.
676 2033 723 2070 In
771 2030 967 2085 (linguosi
1018 2028 1374 2076 Humboldtiana‚
1429 2043 1451 2068 a
1490 2027 1561 2068 cll.
1602 2028 1710 2068 viris

193 2091 439 2129 Roemer
469 2096 512 2127 et
542 2087 825 2127 Schultes
865 2086 1073 2138 repetita,
1114 2087 1158 2125 in
1187 2087 1228 2126 S.
1258 2087 1385 2138 Veg.
1425 2083 1522 2124 loco
1565 2085 1710 2138 „glu-

193 2145 294 2184 mis
324 2143 546 2184 corolla
709 2143 882 2195 duplo
912 2141 1321 2182 brevioribus“
1353 2140 1582 2194 legendum
1614 2155 1710 2181 esse

197 2201 429 2254 „glumis
462 2230 472 2240 .
491 2228 528 2239 ..
549 2229 558 2238 .
590 2199 765 2252 duplo
796 2197 1216 2252 longioribus“,
1256 2198 1340 2250 jam
1361 2211 1385 2238 e
1409 2197 1707 2250 descriptione

194 2256 528 2296 Humboldtiana
559 2264 699 2309 patet,
741 2254 817 2294 ubi
848 2254 1076 2308 „paleae
1118 2253 1322 2308 glumis
1365 2253 1496 2305 duplo
1536 2253 1710 2294 brevio-

194 2315 301 2353 rcs“
334 2313 555 2360 dicuntur,
588 2321 675 2350 tum
702 2312 835 2351 multo
863 2311 996 2363 magis
1025 2324 1048 2349 e
1077 2309 1384 2365 speciminibus
1408 2309 1710 2349 Humbold-

197 2369 403 2416 tianis,
435 2383 538 2422 quas
567 2368 611 2406 in
643 2367 859 2407 Hei-bario
884 2366 1092 2409 WVillden.
1128 2366 1473 2410 examinavimus.
1501 2388 1558 2394 —-
1586 2365 1710 2418 Ejus-

197 2425 315 2464 modi
343 2425 471 2464 eliam
501 2424 694 2462 invenies
723 2424 893 2462 iconem
931 2423 1337 2470 Cavanillesianam‚
1377 2435 1519 2475 neque
1548 2421 1710 2461 intelli-

197 2481 364 2535 gimus,
404 2480 617 2534 quomodo
659 2479 814 2517 saelum
857 2480 939 2528 sit,
985 2488 1032 2518 ut
1068 2493 1180 2518 nunc
1218 2480 1263 2517 in
1299 2477 1532 2517 novissima
1562 2477 1708 2517 Run-

198 2538 254 2576 th
268 2537 310 2575 ii
353 2550 406 2580 εγ
418 2552 444 2576 n
459 2550 525 2589 op
541 2536 585 2576 si
624 2536 790 2589 glumae
833 2534 1012 2576 flosculo
1050 2536 1077 2575 d
1089 2536 1103 2574 i
1116 2534 1245 2576 midi
1260 2548 1285 2574 0
1326 2533 1553 2575 breviores
1585 2532 1705 2572 exhi-

197 2592 394 2633 beantur.

313 2669 538 2712 Advers.
570 2671 621 2709 ΙΙ,
668 2669 914 2722 Speeimina
930 2667 1278 2715 Humboldtiana,
1308 2667 1471 2706 Herb.
1503 2665 1710 2714 Willd.‚

201 2726 379 2780 spiculis
424 2727 609 2777 gaudent
646 2725 910 2772 minoribus,
949 2725 1091 2764 aristis
1120 2723 1419 2768 brevioribus,
1462 2720 1642 2762 flosculo
1668 2722 1714 2760 in

204 2784 341 2822 altero
373 2782 524 2821 scabro
557 2782 647 2821 basi
690 2791 847 2822 tantun·
887 2782 1097 2835 apiceque
1132 2779 1332 2827 barbato,
1380 2778 1423 2816 in
1450 2778 1585 2817 altero
1620 2785 1709 2817 loto

203 2837 431 2885 villosum,
477 2837 610 2891 ligula
649 2838 692 2877 in
729 2837 926 2877 omnibus
954 2837 1076 2877 bre-vi
1108 2844 1312 2877 truncata.
1382 2835 1506 2874 Patet
1542 2848 1594 2872 ex
1629 2833 1711 2881 his,

206 2907 377 2933 omnem
412 2893 529 2933 inter
565 2894 672 2934 hanc
708 2902 751 2935 ct
782 2893 996 2947 Stipam
1024 2899 1404 2934 mucronatam
1433 2889 1616 2931 Humb.
1648 2887 1714 2929 di-
