1788 3183
204 175 286 216 592

207 293 313 331 Tota
344 291 479 331 refert
509 291 694 331 candore
726 289 846 328 nives
874 288 986 329 basis
1016 290 1172 342 ampla3
1205 290 1409 342 nigrescit

207 364 400 401 Summus
441 374 570 414 apcx3
613 360 753 399 medio
797 360 993 399 variatam
1032 374 1214 413 corporo
1253 375 1450 405 massam,

209 433 423 486 Mixtaque
464 431 676 471 subfuscis
725 431 830 469 male
879 429 1052 469 candida
1092 429 1285 468 saccinam
1331 444 1497 470 cernes.

208 506 303 543 Non
335 501 556 556 equidem,
589 515 673 539 non
703 500 779 538 ista
812 500 933 538 simul
964 500 1203 546 miscenda,
1236 500 1405 553 locique

209 574 431 614 Insolanda
462 572 540 611 tibi
570 572 684 609 nullo
717 570 985 620 ‹liseriinine3
1018 580 1158 622 pai-tes

209 646 263 685 At
293 646 438 684 saltem
469 642 511 680 in
542 642 729 695 geminas
762 655 807 678 ea
839 640 1006 680 divide:
1041 641 1234 679 sacchara
1267 639 1371 679 fines

208 717 316 755 Alba
350 728 473 761 suos,
516 713 713 766 proprias
754 711 933 750 habeant
962 726 1045 749 non
1077 711 1250 750 candida
1282 711 1419 749 sedes.

211 787 348 833 Hinc,
383 785 497 825 velut
527 783 681 823 arcolis
712 782 958 821 describere
990 781 1154 821 villicus
1184 782 1352 820 hortum

212 852 375 896 Doctus
407 864 537 903 amat,
579 863 784 907 tonsaque
828 852 913 892 vias
953 851 1215 903 distinguere
1245 852 1379 899 buxo,

218 928 288 967 Sic
320 927 499 966 tabulata
530 924 670 978 prius,
702 927 790 962 rata
818 937 897 975 per
927 921 1195 970 discrimina,
1237 923 1408 977 quadris

222 997 519 1050 Descripsisse
549 995 683 1048 juvat,
715 993 966 1046 diversaque
999 993 1193 1032 saec-hara
1225 995 1353 1033 cerlis

214 1072 383 1109 Ponere
413 1079 603 1121 quaeque
633 1065 753 1104 locis.
811 1065 906 1103 Huc
936 1063 1066 1102 indita
1096 1064 1227 1102 frusta
1257 1064 1447 1102 minutim

213 1139 416 1185 Caedito,
448 1152 527 1177 nec
556 1136 699 1190 pigeat
727 1135 899 1173 rastello
932 1135 1156 1181 evolvero,
1189 1144 1231 1173 ct
1259 1148 1422 1173 sunnem

214 1212 333 1270 Quae
364 1209 571 1262 prodesse
603 1207 730 1253 solet,
764 1204 970 1244 siccandis
1003 1204 1158 1243 addere
1191 1220 1343 1245 curam.

215 1285 305 1322 Nec
337 1295 452 1320 mora
481 1281 631 1331 longa:
665 1276 754 1323 dic,
788 1290 869 1328 quo
900 1276 1075 1314 frustula
1108 1276 1187 1314 rite
1221 1286 1446 1329 vaporem,

215 1354 339 1392 Haud
371 1365 476 1404 opus
506 1358 569 1388 est
599 1347 760 1394 solido,
794 1347 959 1399 quoties
991 1346 1153 1384 Titania
1182 1347 1339 1400 lampas

220 1425 404 1463 Illustrat
433 1435 541 1474 puro
572 1419 781 1470 subjectas
813 1418 970 1455 lumine
999 1426 1148 1456 terras.

331 1492 481 1531 Omnia
513 1505 604 1530 011111
637 1489 828 1541 penitus,
861 1488 1055 1539 disperso
1086 1487 1286 1534 humore,
1318 1486 1531 1536 rigescunt

218 1563 450 1609 Sacchara‚
482 1570 740 1614 postremum
772 1572 991 1598 vernarum
1023 1558 1119 1596 tuba
1148 1557 1334 1595 laborem

218 1634 487 1687 Expediunt:
521 1646 617 1684 pars
648 1630 782 1669 frusta
811 1630 937 1682 legit:
970 1642 1066 1681 pars
1097 1642 1193 1667 vase
1226 1637 1440 1680 reportat,

218 1704 435 1744 I'onderat
464 1712 506 1741 et
529 1702 664 1741 libra:
699 1700 835 1752 longis
866 1713 963 1752 pars
992 1699 1121 1738 altera
1153 1698 1270 1737 cistis

221 1775 399 1822 Condit,
444 1782 486 1812 et
526 1773 686 1811 alterne
731 1771 940 1823 geminato
981 1770 1180 1811 verberat
1217 1767 1333 1817 ictu,

221 1846 486 1898 Pistillisque
517 1842 693 1896 premit,
727 1841 862 1880 donec
893 1855 991 1880 cava
1020 1841 1175 1879 robora
1206 1840 1375 1880 tandem

219 1918 424 1970 chleat,
455 1923 496 1953 et
526 1912 678 1954 validis
709 1910 852 1964 affigat
883 1912 1081 1963 opercula
1112 1911 1252 1950 clavis.

218 1989 397 2027 Ultimus
426 1985 497 2024 hic
524 1984 664 2022 labor:
696 1983 778 2022 hoc
809 1982 951 2034 plures
981 1989 1202 2020 servantur
1230 1981 1273 2018 in
1303 1993 1433 2020 annos

223 2058 460 2102 Sacchara‚
491 2068 570 2094 1100
604 2063 759 2093 tantum
789 2052 936 2105 patriis
969 2052 1220 2092 commercia
1248 2052 1376 2090 terris

218 2128 492 2179 Deliciasque
524 2134 691 2177 parant,
723 2136 868 2163 verum
899 2132 941 2161 et
970 2131 1083 2161 trans
1115 2135 1296 2175 aequora
1327 2135 1488 2161 summo

221 2201 455 2242 Vectantur
484 2195 654 2248 pretio,
685 2194 932 2247 magnisque
963 2192 1141 2244 imposta
1173 2192 1328 2231 carinis

224 2273 360 2310 Trans
391 2267 556 2306 Abilam
586 2274 627 2304 et
656 2266 835 2317 Calpen,
866 2262 1110 2316 gelidasque
1139 2263 1335 2302 feruntur
1365 2261 1416 2301 ad
1444 2261 1617 2301 Arctos.

227 2342 369 2400 Quare
398 2338 526 2385 haec,
568 2335 772 2374 Brasiliae
803 2348 923 2387 quam
955 2332 1110 2373 donant
1138 2333 1335 2380 nomine,
1372 2333 1498 2372 tellus

225 2413 322 2451 Non
352 2407 483 2462 magis
513 2421 535 2446 a
564 2406 732 2459 populis
760 2404 951 2443 laudatur
979 2404 1135 2457 ubique
1165 2403 1369 2450 remotis,

228 2481 364 2535 Ligna
394 2477 508 2533 quod
537 2475 687 2515 eximia
719 2475 900 2522 enutrit,
950 2474 1138 2526 pretiosa
1169 2474 1281 2528 quod
1315 2473 1410 2513 altis

228 2552 417 2591 Balsama
442 2546 664 2601 profundit
694 2545 845 2598 sylvis,
878 2543 991 2598 quod
1020 2544 1136 2583 foeta
1166 2544 1370 2591 metallis,

232 2622 585 2671 Gemmarumque
614 2616 756 2661 ferax,
790 2615 1027 2653 adamantes
1059 2615 1195 2668 gignit
1224 2623 1266 2654 et
1297 2627 1469 2660 aurum,

229 2692 365 2755 Quam
391 2687 504 2743 quod
528 2686 764 2727 sacchareis
796 2694 946 2724 oneret
976 2685 1171 2725 convivia
1210 2684 1356 2733 donis,

229 2760 555 2814 Ambrosiisque
594 2756 731 2812 epulis
762 2764 985 2809 utrumque
1020 2755 1214 2797 beaverit
1249 2755 1410 2796 orbem.

789 2880 1190 2899 *-
