1788 3183
213 163 269 203 20
679 158 965 200 Geminum.
1025 161 1259 200 Pisanus.

217 287 301 318 stat
325 278 480 332 glumis
505 277 663 318 duabus
688 279 938 334 aequalibus
961 289 1088 335 atque
1109 279 1289 321 ssosculo
1307 279 1531 329 solitari03
1560 286 1724 317 restant

216 335 354 374 adhue
371 334 585 374 lodiculae
611 344 860 386 truncatam,
892 335 1212 376 inflorescentia
1237 337 1395 375 sensim
1419 338 1464 375 in
1484 334 1723 389 paniculam

218 391 483 431 dissolvitur.
508 414 563 420 ——
634 391 922 430 Per-ficiuntur
953 392 1166 431 lodiculac
1201 393 1460 446 integroque
1489 400 1534 431 et
1571 393 1724 430 obtuso

218 447 342 499 apice
364 455 616 494 cernuntur,
669 448 836 486 accedit
867 461 995 500 saepe
1023 450 1149 488 arista
1181 449 1286 487 etin
1310 448 1551 502 paniculam
1583 445 1728 486 distri-

219 502 411 542 buuntur
437 502 649 555 spinulae:
692 503 824 542 habes
846 504 1064 543 Milium.

332 559 516 599 Adnot.
553 561 603 597 11.
678 558 805 617 Quod
842 560 893 598 ad
928 559 1280 599 distributionem
1323 559 1567 613 specierum
1601 557 1727 610 hujus

219 615 391 668 generis
415 614 459 652 in
484 613 586 653 duas
608 614 837 668 phalanges
860 615 1037 663 attinet,
1070 631 1247 670 quarum
1272 616 1403 655 altera
1427 615 1601 669 spiculis
1626 613 1727 653 soli-

219 671 367 718 tariis,
408 684 483 709 seu
508 670 726 718 distichis,
769 671 975 724 gaudeat,
1017 671 1147 711 altera
1173 682 1313 711 autem
1341 672 1517 725 spiculis
1542 669 1726 725 geminis

221 740 298 765 seu
330 726 619 774 tetrastichis,
670 726 737 776 id,
781 741 866 781 quo
908 728 1045 766 minus
1084 728 1207 766 istam
1245 728 1527 775 retineamus,
1573 726 1727 772 obstat,

222 781 338 835 quod
377 782 420 820 in
454 781 694 830 nonnullis,
751 796 789 822 v.
827 797 891 836 gr.
924 784 967 822 in
1005 784 1238 836 Paspalo
1279 783 1725 829 Humboldtiano,

221 839 271 876 1³.
302 837 770 890 blepharophoro
809 840 871 888 (v.
898 839 1033 879 infra:
1077 853 1192 891 spec.
1221 839 1320 889 25),
1377 854 1457 892 pro
1499 838 1631 893 gradu
1665 838 1728 878 vi·

222 894 343 947 goris
369 895 434 932 vel
459 894 677 933 solitariae
702 895 958 946 proveniant
989 895 1203 947 spiculae,
1258 896 1324 935 vel
1353 897 1478 936 etiam
1512 895 1726 949 geminae,

221 959 266 988 ut
304 958 518 988 taceamus
556 950 753 989 ordinem
790 951 1026 990 naturalem
1059 953 1141 992 hoc
1175 953 1301 991 modo
1337 952 1518 990 maxime
1549 951 1723 990 laesum.

222 1005 363 1044 Aliam
395 1006 541 1059 itaque
565 1007 847 1059 proponimus
872 1006 1204 1059 dispositionem
1222 1037 1231 1054 ,
1271 1010 1301 1047 P
1318 1008 1597 1047 anicorum
1635 1019 1728 1046 sec·

218 1062 362 1100 tiones
386 1062 529 1109 (conf.
552 1061 688 1101 infra:
721 1075 818 1113 gen.
842 1064 936 1105 VII.
969 1064 1178 1103 Panicu
1194 1065 1290 1116 rn),
1327 1064 1467 1117 quoad
1491 1065 1568 1102 hae
1595 1063 1725 1102 istum

216 1117 262 1155 in
287 1117 427 1156 locum
450 1117 628 1165 cadunt,
661 1118 923 1167 imitantem,
968 1134 1072 1173 quas
1096 1122 1401 1173 comparandas
1429 1133 1505 1159 suo
1528 1120 1624 1158 loco
1653 1119 1725 1157 ad-

217 1173 421 1212 feremus.
490 1176 732 1213 Memoratu
758 1184 899 1213 autem
926 1175 1100 1228 dignum
1129 1176 1320 1224 videtur,
1366 1176 1409 1214 in
1438 1190 1487 1215 ea
1514 1175 1722 1222 sectione,

218 1243 328 1283 quae
361 1230 690 1269 Panicorum
722 1231 1210 1283 paspaloideorum
1250 1232 1433 1271 sectioni
1473 1231 1724 1283 respondet,

216 1285 422 1337 plurimas
474 1300 646 1339 quoque
695 1287 1061 1339 I'aspalorum
1116 1288 1306 1341 reperiri
1358 1288 1549 1341 specieS,
1618 1301 1722 1341 quas

214 1342 423 1393 genuinas
446 1342 731 1395 omnibusque
754 1343 869 1381 notis
895 1344 980 1382 suis
1005 1344 1196 1398 insignes
1222 1357 1424 1391 vocares,
1457 1343 1608 1383 deesse
1635 1343 1722 1383 vir-

215 1405 411 1449 gatorum
450 1406 493 1436 et
527 1397 764 1437 effusorum
800 1399 1197 1450 (paniculatorum)
1234 1400 1424 1447 similes,
1491 1398 1724 1439 monstrari

214 1453 334 1506 quasi
369 1454 615 1493 Setarias
647 1463 689 1493 ct
720 1454 1156 1504 Echinochloas,
1190 1470 1366 1509 quarum
1399 1454 1723 1495 inflorescentia

212 1509 348 1562 magis
388 1510 659 1548 contrahitur
698 1510 742 1548 in
781 1511 1027 1562 specierum
1058 1514 1319 1566 quarundam
1351 1512 1512 1559 forma,
1566 1527 1589 1551 a
1618 1511 1723 1550 reli-

216 1565 312 1619 quis
345 1565 536 1617 Paspalis
565 1565 649 1617 jam
677 1565 848 1619 longius
879 1567 1118 1607 aberrante.

325 1621 594 1662 Animadv.
655 1623 701 1660 In
732 1621 1123 1676 descriptionibus,
1178 1637 1232 1662 ne
1257 1637 1367 1663 nova
1398 1622 1721 1663 nomenclatura

210 1677 451 1716 lectoribus
476 1677 665 1716 taedium
699 1678 882 1726 excitet,
935 1694 955 1718 a
985 1681 1128 1732 prisco
1152 1680 1359 1734 loquendi
1388 1694 1507 1719 more
1534 1693 1618 1718 non
1647 1679 1721 1718 de-

210 1731 433 1772 fleximus:
465 1734 654 1785 calycem
678 1733 896 1787 biglumcn
921 1736 1198 1789 appellando,
1231 1736 1407 1788 ejusque
1438 1736 1618 1788 glumam
1647 1748 1719 1774 ve-

209 1802 320 1827 ram:
352 1789 466 1828 inse
481 1790 777 1838 riore1n3—
818 1791 995 1830 alteram
1020 1806 1145 1838 vero,
1191 1806 1297 1845 quae
1325 1791 1492 1830 flosculi
1520 1791 1717 1830 neutrius

208 1844 372 1884 valvula
398 1855 485 1884 est:
527 1845 754 1898 glumam
784 1848 1148 1898 superiorem.
1208 1847 1291 1886 Ubi
1322 1846 1543 1900 pedicelli,
1577 1845 1716 1901 quoad

150 1903 152 1906 ’
210 1900 470 1953 spicularum
499 1901 813 1954 longitudinem
842 1903 940 1942 satis
968 1904 1237 1955 prominent,
1294 1916 1568 1942 racemum
1605 1902 1717 1941 dixi-

207 1970 299 1994 mus
326 1956 720 2006 inssorescentiam3
777 1959 989 2010 spicam
1017 1973 1144 2006 vero,
1194 1959 1268 1997 ubi
1298 1959 1503 2011 pedicelli
1534 1958 1601 1997 vel
1628 1972 1717 1997 om-

206 2013 310 2052 nino
348 2013 502 2053 desunt
539 2014 606 2052 vel
641 2014 695 2051 ob
732 2014 981 2064 minutiem,
1030 2029 1125 2055 cum
1153 2015 1317 2068 spicula
1356 2030 1428 2054 sua
1464 2014 1712 2068 comparati,

206 2081 446 2109 mensuram
475 2070 545 2111 vix
572 2069 811 2109 admittunt.

555 2220 842 2257 secT101.
905 2206 1356 2266 ‘DlelrrAnlau

709 2284 923 2334 (spicums
965 2285 1204 2337 mvEnsis.)

333 2373 562 2436 Spiculae
604 2375 910 2432 inversae,
980 2378 1221 2441 oblongae
1271 2376 1346 2424 vel
1387 2373 1705 2430 lanceolata&

200 2437 477 2484 distinctius
509 2441 818 2497 nervulosae,
867 2442 1064 2505 glabrae
1098 2444 1172 2490 vel
1212 2442 1498 2488 tenuissime
1526 2440 1706 2504 pubes-

199 2515 392 2559 centes,
461 2505 535 2552 vel
575 2506 767 2568 longius
815 2508 1034 2564 ciliatae,
1092 2508 1249 2554 rarius
1287 2506 1609 2570 pedicellatass
1658 2516 1707 2550 3¹²

197 2569 418 2628 geminae
428 2602 443 2625 ,
478 2571 764 2635 plerumque
790 2574 1035 2619 solitariae
1065 2573 1289 2627 sessiles‚
1326 2573 1476 2618 latere
1504 2570 1704 2635 postico

197 2631 527 2698 (flosculino)
572 2637 701 2682 haud
745 2638 1007 2684 admodum
1046 2656 1279 2686 convexo.
1366 2636 1580 2684 Rhachis
1617 2653 1703 2680 an-

193 2711 360 2759 gusta,
398 2701 461 2745 ad
491 2702 683 2766 apicem
711 2703 952 2766 florigera.
973 2735 1038 2742 —-
1074 2705 1302 2766 (Panicis
1329 2701 1583 2765 Digitariis
1614 2701 1701 2745 ha-

190 2763 297 2809 bitu
325 2766 670 2823 accedentes.)
739 2769 942 2815 Glumae
976 2787 1122 2835 saepe
1154 2770 1451 2818 virescentes
1480 2765 1555 2813 vel
1586 2782 1701 2830 pur-

186 2842 529 2892 purascentes,
608 2846 658 2880 et
697 2834 761 2882 ob
802 2853 975 2884 nervos
1022 2836 1097 2883 vel
1136 2836 1303 2900 plures
1348 2832 1424 2882 Vel
1467 2831 1700 2880 fortiores

185 2894 340 2958 magis
375 2896 660 2946 herbaceae.
839 2915 848 2917 “
