1788 3183
1486 160 1569 202 587

23 268 31 272 ’
68 267 264 308 Machina
307 280 392 306 non
432 269 599 322 segnis:
651 268 768 310 lento
809 270 920 323 pede
968 269 1130 310 tardius
1173 272 1294 312 ibunt

69 341 175 379 Acta
206 337 337 392 gradu
369 337 447 376 tibi
477 339 620 392 praela
649 341 803 388 boum,
845 355 964 380 mora
1005 342 1082 381 sed
1122 343 1218 382 tulit
1258 343 1328 383 illa

68 410 240 450 Grande
269 422 426 461 operae
457 396 673 462 pretium?
697 410 851 451 melius
881 412 1065 451 siccatur
1095 413 1258 454 arundo

68 483 188 520 Inter
215 487 463 518 cunctantes
495 493 738 535 compressa
769 482 925 521 diutius
957 482 1110 530 orbes,

68 552 206 613 Quam
237 549 396 589 cursim
427 559 469 589 et
499 552 633 591 celeri
664 553 734 592 vix
762 552 944 593 delibata
981 562 1137 593 rotatu.

69 621 190 662 Adde
210 649 220 668 ,
257 619 370 673 quod
400 620 613 661 interdum
641 622 754 675 justo
789 625 884 677 plus
916 620 1064 664 defluit
1093 624 1269 674 humor,

71 693 284 753 Quantum
317 690 431 730 nulla
462 693 562 731 satis
594 695 786 748 capiant,
825 707 905 733 nec
936 694 1068 734 ahena
1097 696 1325 750 coquendo

70 763 298 804 Sufficiant
318 789 328 808 .
359 772 621 818 superetque
652 780 823 812 manus,
856 775 1117 820 superetque
1147 767 1396 808 ministros:

71 835 210 897 Quem
241 833 520 884 tempestivus
553 835 637 874 nisi
665 836 992 891 perpurgaverit
1023 837 1155 890 ignis,

69 907 341 959 Degenerem
372 903 499 943 'certe
542 906 656 958 capit
694 908 935 947 insincerus
977 921 1174 959 acorem3

70 977 218 1031 Vappa
249 975 320 1030 fit,
354 981 397 1012 et
426 974 540 1015 nulla
571 979 671 1018 satis
702 978 998 1018 emendabitur
1026 989 1129 1019 arte.

68 1048 233 1092 Partito
262 1067 331 1093 reg
363 1053 428 1093 est
456 1046 514 1085 ita
544 1048 827 1103 dispensanda
857 1049 1005 1090 labore
1026 1081 1037 1098 ,

70 1121 126 1158 Ut
157 1134 355 1176 quantum
384 1122 576 1163 humoris
606 1121 699 1160 vice
731 1121 880 1175 quavis
912 1121 1055 1174 praela
1085 1121 1312 1176 liquarint,

70 1193 253 1233 Tantum
282 1194 448 1235 flamma
478 1193 557 1234 tibi
594 1206 801 1246 purgare,
833 1200 874 1231 et
904 1191 1065 1232 ahenea
1095 1193 1277 1245 possint.

177 1264 320 1325 Quare
350 1281 428 1321 age
458 1266 503 1309 in
535 1264 787 1316 oblongum,
818 1263 962 1316 patulo
995 1263 1109 1317 quod
1140 1265 1333 1318 margine
1359 1268 1518 1321 praelis

69 1333 332 1387 Subjicitur,
369 1337 504 1378 dulcis
534 1335 674 1388 primo
705 1332 806 1373 ssuat
837 1334 992 1374 humor
1021 1334 1215 1374 ahenum.

71 1405 219 1446 Nullae
249 1408 366 1448 illum
399 1406 612 1452 flammae,
645 1405 757 1443 nulla
787 1404 870 1444 hoc
901 1404 1099 1444 incendia
1127 1405 1248 1448 labro

69 1477 318 1531 Exagitant:
352 1488 473 1532 aptus
505 1475 724 1530 procurrit
755 1484 795 1514 at
825 1475 928 1515 inde
959 1476 1117 1516 canalis

73 1547 290 1600 Ligneus,
325 1550 581 1604 ignivomam
612 1556 818 1601 properet
851 1561 934 1600 quo
967 1561 1117 1587 succus
1148 1548 1193 1587 in
1222 1549 1386 1591 aedem.

71 1618 250 1658 Scilicet
278 1620 390 1660 haud
419 1621 571 1673 longe,
607 1618 720 1658 senis
753 1617 934 1657 suffossa
966 1619 1167 1666 caminis,

72 1691 274 1740 Aestuat,
325 1692 624 1745 impositisque
674 1690 796 1742 ignes
843 1690 1030 1729 occludit
1072 1689 1219 1729 ahenis

76 1762 223 1814 Ampla
256 1763 418 1802 domus.
477 1761 640 1802 Clausis
672 1760 823 1814 quovis
854 1759 930 1799 sub
961 1759 1130 1800 fornice
1158 1759 1339 1804 flammis

60 1818 182 1877 ‘Bina
212 1833 462 1874 fenestellae
494 1832 689 1887 geminae
721 1831 932 1885 spiracula
963 1830 1114 1870 laxant.

71 1904 108 1942 A
140 1903 276 1943 latere
319 1905 487 1944 excisus
530 1904 672 1957 paries
716 1916 816 1942 sena
858 1902 966 1942 ostia
1007 1902 1174 1955 pandit,

71 1974 166 2034 Qua
195 1975 237 2014 vi
267 1985 309 2014 et
337 1975 561 2029 praeduris
591 1974 725 2013 ferme
755 1986 929 2013 nemora
960 1972 1128 2026 integra
1157 1975 1295 2015 contis

73 2044 279 2086 Inducunt
308 2046 468 2086 famuli.
528 2044 772 2099 Vegrandia
803 2043 959 2083 robora
991 2044 1130 2096 primo

73 2105 345 2164 Obtru‘dunn
379 2126 505 2172 atque
537 2117 608 2156 illa
639 2116 756 2170 rogis
786 2114 1031 2154 fundamina
1060 2125 1236 2168 ponunt.

73 2189 182 2227 'I'um
214 2187 429 2227 cumulant
461 2188 602 2228 excisa
633 2187 719 2226 suis
751 2185 924 2225 ramalia
952 2186 1140 2235 truncis,

73 2261 341 2313 Arentesque
383 2258 540 2298 addunt
569 2257 771 2310 stipulas,
814 2270 898 2311 quo
930 2257 1134 2310 grandior
1163 2257 1275 2311 ignis

69 2329 255 2377 Ardeat,
288 2338 332 2368 et
361 2330 539 2368 crudum
571 2328 835 2382 permiscens
865 2325 1031 2367 flamma
1060 2328 1274 2382 liquorem

71 2400 240 2453 Cris-pet
272 2400 312 2438 in
348 2399 600 2453 ampullam,
646 2407 688 2438 et
717 2397 978 2437 bullantibus
1018 2408 1187 2452 asperet
1217 2401 1358 2443 undis.

69 2471 214 2510 Prima
243 2471 349 2510 haec
380 2464 568 2510 secernit
598 2482 781 2508 crassam
812 2469 1005 2509 ebullitio
1035 2469 1226 2518 faecem,

72 2544 118 2580 In
148 2541 263 2581 labra
293 2555 453 2581 summa
482 2553 666 2580 vocans:
711 2541 813 2595 quin
853 2550 894 2580 et
940 2554 1049 2595 quae
1086 2541 1265 2594 plurima
1302 2542 1439 2586 fundo

70 2612 274 2660 Sessitat,
307 2610 481 2650 undanti
512 2624 592 2664 per
622 2625 666 2649 sc
696 2611 918 2663 despumat
946 2611 1095 2652 aheno.

68 2684 158 2722 Nec
188 2683 327 2722 minus
356 2683 520 2722 interea
550 2681 718 2721 foedam
750 2683 965 2735 capulator
996 2695 1229 2725 amurcam.

73 2755 130 2791 Et
160 2753 316 2804 passim
345 2753 540 2792 innantes
571 2753 716 2792 cribro
747 2753 851 2807 legit
881 2753 1070 2806 undique
1100 2753 1268 2793 sordes:

72 2825 415 2878 Ferventcinque
444 2823 517 2863 diu
547 2836 834 2879 versansque,
862 2824 1115 2880 agitansque
1144 2825 1332 2866 lebetem
