1788 3183
239 191 321 233 588

235 310 412 361 Egerit.
446 308 598 349 insecti
631 324 737 364 quae
769 309 998 350 subsedere
1027 309 1223 363 liquoris.

236 380 423 420 Additur
453 390 495 420 et
527 381 666 421 situlis
695 382 804 420 acris
836 380 978 419 lixivia
1009 380 1174 444 plen·is:

235 451 309 491 Illa
340 461 633 498 recrementa,
666 462 709 491 et
738 452 855 506 siqua
888 450 1136 503 ejectamina
1170 459 1358 499 restant,

236 522 471 561 Excernit:
501 522 684 561 mediam
715 523 836 575 prior
865 521 936 560 hic
968 521 1087 560 labor
1118 521 1302 575 integrat
1332 521 1495 561 horam.

235 593 394 632 Purior
425 602 464 632 at
495 603 718 647 postquam
750 606 894 646 spuma
926 592 1085 639 allmit,
1118 592 1247 646 inque
1280 592 1466 632 minores

234 664 460 703 Detuniuit
490 662 650 712 bullas,
684 664 726 701 in
760 664 936 702 ahenum
967 673 1160 702 strenuus
1194 662 1305 701 inser

238 734 441 775 Vicinum
472 733 617 773 dulces
649 734 824 780 latices,
857 734 1053 773 coeuntia
1084 734 1267 773 nondum

236 805 469 845 Saechara:
508 805 754 858 purgandae
788 813 887 844 tunc
919 805 1171 859 exquisitius
1203 818 1350 844 omnes

233 876 494 930 Reliquiae3
526 884 570 915 et
598 875 714 915 lente
747 874 796 914 ad
829 890 979 928 purum
1008 876 1159 916 vitium
1189 890 1313 915 omne
1344 875 1609 929 coquendum

237 946 437 986 Cribrum
474 946 681 999 immerge
721 946 901 993 iterum,
944 961 1109 999 spumas
1152 947 1246 1000 lege
1293 961 1436 986 rursus
1473 947 1648 994 inanes,

240 1018 357 1077 Quas
388 1017 553 1057 modica
585 1018 734 1056 sitiens
767 1017 803 1056 si
834 1017 1057 1072 quisquam
1088 1017 1222 1056 diluat
1250 1018 1385 1067 unda,

235 1089 419 1128 Arentes
451 1097 572 1142 grato
604 1088 748 1127 fauces
778 1088 957 1127 humore
988 1089 1152 1142 rigarit.

235 1161 348 1199 Dum
381 1158 520 1199 fluitat
550 1159 667 1199 labro
700 1158 835 1198 dulcis
866 1159 1033 1213 liquor,
1066 1173 1194 1198 exere
1225 1161 1341 1211 cola>

234 1231 291 1270 Et
322 1231 481 1270 cribata
512 1231 596 1270 alio
630 1230 876 1270 distendens
907 1230 1036 1268 lintea
1068 1245 1187 1277 vase,

238 1301 333 1360 Qua
364 1310 631 1341 rarescentes
664 1301 811 1354 pandit
842 1309 1005 1339 textura
1041 1311 1224 1347 meatus,

233 1373 356 1413 Illum
388 1373 675 1413 transmittesx
708 1386 816 1426 quae
847 1386 943 1425 pars
975 1371 1207 1420 subtilior,
1240 1371 1347 1421 ibit3

237 1443 408 1491 Stabit,
442 1452 483 1483 et
514 1445 556 1483 in
588 1444 683 1484 colo
713 1443 838 1490 fidet,
884 1456 991 1498 quae
1024 1443 1236 1491 crassior,
1270 1443 1368 1481 imo.

351 1516 423 1554 Sic
463 1516 728 1569 percolatum
770 1523 920 1554 curant
960 1513 1137 1554 densare
1178 1514 1417 1568 liquorem,

237 1585 558 1641 Incenduntque
588 1600 721 1626 novos
752 1585 898 1639 igne53
940 1600 1046 1625 nova
1077 1584 1209 1624 ahena
1240 1592 1464 1638 parantur,

239 1656 356 1696 Mole
388 1657 552 1697 minora
582 1656 701 1704 aliis,
732 1670 986 1712 magnasque
1016 1656 1222 1695 imitantia
1251 1655 1413 1708 pelves.

241 1729 395 1767 Munus
435 1729 594 1783 cuique«
634 1741 774 1768 suum:
817 1742 909 1767 nam
952 1727 1087 1781 pelvis
1127 1727 1263 1780 prima
1301 1733 1498 1778 receptos

233 1798 476 1852 Perpurgat
505 1799 682 1839 latices:
715 1808 802 1837 tum
834 1799 1037 1853 decoquit
1066 1798 1223 1847 altera3
1255 1796 1410 1835 blande

236 1870 383 1909 Tertia
415 1870 670 1920 condensat3
702 1870 898 1909 densatos
929 1869 1069 1908 aerius
1100 1877 1247 1922 urget,

236 1940 297 1981 Ac
326 1940 443 1980 lento
475 1941 638 1980 similes
669 1941 838 1980 tandem
870 1939 1011 1979 efficit
1041 1939 1186 1978 ultima
1217 1938 1347 1978 visco.

236 2012 342 2051 Arte
372 2026 478 2063 opus
507 2012 598 2050 hic:
632 2025 807 2065 operum
838 2011 948 2050 haud
978 2024 1130 2063 segnes
1161 2009 1335 2063 vigilate
1367 2005 1584 2059 magistri,

235 2083 293 2123 Et
324 2083 436 2122 vires
466 2096 707 2137 nervosque
738 2097 885 2122 omnes
916 2081 1148 2121 intendite:
1181 2091 1386 2132 nusquam

238 2153 372 2206 Culpa
403 2153 535 2207 inagis
566 2154 713 2193 nocuit
732 2183 741 2201 ‚
774 2153 892 2192 stetit
921 2161 991 2191 aut
1022 2152 1185 2190 incuria
1215 2149 1334 2188 tanti.

241 2225 379 2276 Saepe
428 2232 490 2263 tot
532 2223 750 2263 exhaustas
798 2237 940 2262 curas:
982 2222 1195 2276 durosque
1237 2220 1406 2260 labores

237 2295 368 2335 Ludit
400 2295 620 2348 inexperta
649 2294 894 2347 tyrunculus
925 2302 1014 2333 arte
1046 2293 1260 2346 magister.

239 2366 438 2406 Artifices
468 2381 538 2406 res
569 2365 640 2405 illa
672 2380 844 2413 manus,
885 2365 1100 2419 longoque
1132 2362 1324 2417 reposcit

238 2438 423 2477 Edoctas
454 2453 545 2476 usu.
604 2437 780 2477 Connisi
812 2450 996 2489 corpore
1027 2445 1117 2475 toto
1186 2439 1189 2442 ’

237 2509 479 2562 Praclongo
525 2507 676 2547 suffixa
717 2516 870 2562 gerunt
911 2506 1147 2546 cochlearia
1197 2512 1352 2548 conto,

239 2582 295 2619 Et
335 2589 504 2619 versant
546 2588 724 2634 utraque
770 2591 917 2628 manu3
959 2577 1148 2617 recidiva
1188 2573 1400 2627 praealto,

240 2644 515 2705 vicenosque
547 2649 676 2702 pedes
709 2663 884 2702 superas
915 2657 1061 2688 evecta
1091 2646 1168 2685 sub
1200 2650 1335 2685 auras'

241 2722 446 2762 Saccliara
478 2720 749 2774 propellunt,
790 2720 1067 2772 revolutaque
1105 2731 1252 2756 rursus
1300 2714 1450 2753 eodem

240 2793 561 2844 Praecipitant,
594 2800 866 2844 mersantque
899 2789 1041 2837 cadis,
1074 2796 1116 2827 et
1147 2800 1273 2839 saepe
1305 2784 1521 2829 volutant,

243 2864 529 2910 Concutiunt,
562 2862 765 2911 miscent,
798 2860 1084 2908 confundunt,
1119 2858 1256 2900 onmia
1287 2861 1468 2895 versant.
