<?xml version="1.0" encoding="UTF-8"?>
<!DOCTYPE html PUBLIC "-//W3C//DTD XHTML 1.0 Transitional//EN"
    "http://www.w3.org/TR/xhtml1/DTD/xhtml1-transitional.dtd">
<html xmlns="http://www.w3.org/1999/xhtml" xml:lang="en" lang="en">
 <head>
  <title>
</title>
<meta http-equiv="Content-Type" content="text/html;charset=utf-8" />
  <meta name='ocr-system' content='tesseract 3.04.00' />
  <meta name='ocr-capabilities' content='ocr_page ocr_carea ocr_par ocr_line ocrx_word'/>
</head>
<body>
  <div class='ocr_page' id='page_1' title='image "agrostologiabras00nees_0598.png"; bbox 0 0 1788 3183; ppageno 0'>
   <div class='ocr_carea' id='block_1_1' title="bbox 169 165 1547 2882">
    <p class='ocr_par' dir='ltr' id='par_1_1' title="bbox 170 165 253 207">
     <span class='ocr_line' id='line_1_1' title="bbox 170 165 253 207; baseline 0.012 -1"><span class='ocrx_word' id='word_1_1' title='bbox 170 165 253 207; x_wconf 67' lang='lat'>584</span> 
     </span>
    </p>

    <p class='ocr_par' dir='ltr' id='par_1_2' title="bbox 169 283 1473 1037">
     <span class='ocr_line' id='line_1_2' title="bbox 171 283 1237 340; baseline 0.002 -17"><span class='ocrx_word' id='word_1_2' title='bbox 171 283 396 324; x_wconf 80' lang='lat' dir='ltr'>Involvens</span> <span class='ocrx_word' id='word_1_3' title='bbox 428 298 507 324; x_wconf 81' lang='lat' dir='ltr'>una</span> <span class='ocrx_word' id='word_1_4' title='bbox 537 284 829 340; x_wconf 77' lang='lat' dir='ltr'>juvenesque,</span> <span class='ocrx_word' id='word_1_5' title='bbox 863 298 1073 340; x_wconf 73' lang='lat' dir='ltr'>senesque</span> <span class='ocrx_word' id='word_1_6' title='bbox 1103 286 1237 327; x_wconf 77' lang='lat' dir='ltr'>ruina.</span> 
     </span>
     <span class='ocr_line' id='line_1_3' title="bbox 169 354 1360 411; baseline 0.003 -18"><span class='ocrx_word' id='word_1_7' title='bbox 169 354 446 407; x_wconf 76' lang='lat' dir='ltr'>Imprudens!</span> <span class='ocrx_word' id='word_1_8' title='bbox 481 355 582 409; x_wconf 89' lang='lat' dir='ltr'>quid</span> <span class='ocrx_word' id='word_1_9' title='bbox 612 356 724 395; x_wconf 89' lang='lat' dir='ltr'>enim</span> <span class='ocrx_word' id='word_1_10' title='bbox 754 356 913 411; x_wconf 80' lang='lat' dir='ltr'><strong>reliqui</strong></span> <span class='ocrx_word' id='word_1_11' title='bbox 945 357 1023 396; x_wconf 85' lang='lat' dir='ltr'>tibi</span> <span class='ocrx_word' id='word_1_12' title='bbox 1054 370 1191 395; x_wconf 76' lang='lat' dir='ltr'>messe</span> <span class='ocrx_word' id='word_1_13' title='bbox 1222 357 1360 396; x_wconf 78' lang='lat' dir='ltr'>sutura</span> 
     </span>
     <span class='ocr_line' id='line_1_4' title="bbox 170 425 1436 480; baseline 0.002 -15"><span class='ocrx_word' id='word_1_14' title='bbox 170 425 384 465; x_wconf 68' lang='lat' dir='ltr'>Feceris?</span> <span class='ocrx_word' id='word_1_15' title='bbox 428 425 527 464; x_wconf 80' lang='lat' dir='ltr'>hinc</span> <span class='ocrx_word' id='word_1_16' title='bbox 570 427 641 465; x_wconf 82' lang='lat' dir='ltr'>alii</span> <span class='ocrx_word' id='word_1_17' title='bbox 685 427 785 480; x_wconf 89' lang='lat' dir='ltr'>quin</span> <span class='ocrx_word' id='word_1_18' title='bbox 828 436 872 465; x_wconf 87' lang='lat' dir='ltr'>tu</span> <span class='ocrx_word' id='word_1_19' title='bbox 912 427 992 478; x_wconf 84' lang='lat' dir='ltr'>jam</span> <span class='ocrx_word' id='word_1_20' title='bbox 1039 427 1251 480; x_wconf 85' lang='lat' dir='ltr'>prospicis</span> <span class='ocrx_word' id='word_1_21' title='bbox 1292 429 1436 468; x_wconf 81' lang='lat' dir='ltr'>anno?</span> 
     </span>
     <span class='ocr_line' id='line_1_5' title="bbox 174 495 1473 550; baseline 0.004 -16"><span class='ocrx_word' id='word_1_22' title='bbox 174 495 366 549; x_wconf 81' lang='lat' dir='ltr'>Cumque</span> <span class='ocrx_word' id='word_1_23' title='bbox 409 497 650 550; x_wconf 79' lang='lat' dir='ltr'>propinqua</span> <span class='ocrx_word' id='word_1_24' title='bbox 695 497 779 536; x_wconf 86' lang='lat' dir='ltr'>tuis</span> <span class='ocrx_word' id='word_1_25' title='bbox 820 497 1010 535; x_wconf 71' lang='lat' dir='ltr'>invisens</span> <span class='ocrx_word' id='word_1_26' title='bbox 1052 498 1254 550; x_wconf 75' lang='lat' dir='ltr'>praedia,</span> <span class='ocrx_word' id='word_1_27' title='bbox 1308 498 1473 539; x_wconf 78' lang='lat' dir='ltr'><strong>dulcem</strong></span> 
     </span>
     <span class='ocr_line' id='line_1_6' title="bbox 172 565 1355 622; baseline 0.003 -19"><span class='ocrx_word' id='word_1_28' title='bbox 172 565 257 603; x_wconf 82' lang='lat' dir='ltr'>Hic</span> <span class='ocrx_word' id='word_1_29' title='bbox 289 567 435 618; x_wconf 88' lang='lat' dir='ltr'>praelo</span> <span class='ocrx_word' id='word_1_30' title='bbox 467 567 669 614; x_wconf 79' lang='lat' dir='ltr'>extundi,</span> <span class='ocrx_word' id='word_1_31' title='bbox 703 567 981 621; x_wconf 81' lang='lat' dir='ltr'>subjectoque</span> <span class='ocrx_word' id='word_1_32' title='bbox 1014 568 1111 620; x_wconf 83' lang='lat' dir='ltr'>igue</span> <span class='ocrx_word' id='word_1_33' title='bbox 1141 569 1355 622; x_wconf 77' lang='lat' dir='ltr'>liquorem</span> 
     </span>
     <span class='ocr_line' id='line_1_7' title="bbox 173 636 1382 690; baseline 0.003 -17"><span class='ocrx_word' id='word_1_34' title='bbox 173 636 387 682; x_wconf 88' lang='lat' dir='ltr'>Fervcre,</span> <span class='ocrx_word' id='word_1_35' title='bbox 419 638 547 690; x_wconf 87' lang='lat' dir='ltr'>inque</span> <span class='ocrx_word' id='word_1_36' title='bbox 580 652 673 676; x_wconf 88' lang='lat' dir='ltr'>suas</span> <span class='ocrx_word' id='word_1_37' title='bbox 707 651 988 678; x_wconf 80' lang='lat' dir='ltr'>concrescere</span> <span class='ocrx_word' id='word_1_38' title='bbox 1022 639 1219 677; x_wconf 82' lang='lat' dir='ltr'>sacchara</span> <span class='ocrx_word' id='word_1_39' title='bbox 1249 648 1382 677; x_wconf 84' lang='lat' dir='ltr'>metas</span> 
     </span>
     <span class='ocr_line' id='line_1_8' title="bbox 177 705 1282 747; baseline 0.003 -4"><span class='ocrx_word' id='word_1_40' title='bbox 177 705 380 747; x_wconf 83' lang='lat' dir='ltr'>Videris:</span> <span class='ocrx_word' id='word_1_41' title='bbox 412 707 496 746; x_wconf 82' lang='lat' dir='ltr'>heu</span> <span class='ocrx_word' id='word_1_42' title='bbox 527 716 640 747; x_wconf 82' lang='lat' dir='ltr'>totos</span> <span class='ocrx_word' id='word_1_43' title='bbox 671 717 770 747; x_wconf 83' lang='lat' dir='ltr'>tunc</span> <span class='ocrx_word' id='word_1_44' title='bbox 801 716 843 747; x_wconf 80' lang='lat' dir='ltr'>te</span> <span class='ocrx_word' id='word_1_45' title='bbox 877 707 1078 747; x_wconf 85' lang='lat' dir='ltr'>stravisse</span> <span class='ocrx_word' id='word_1_46' title='bbox 1108 708 1282 747; x_wconf 85' lang='lat' dir='ltr'>novales</span> 
     </span>
     <span class='ocr_line' id='line_1_9' title="bbox 173 775 1309 834; baseline 0.002 -19"><span class='ocrx_word' id='word_1_47' title='bbox 173 775 432 816; x_wconf 81' lang='lat' dir='ltr'>Poenitcat!</span> <span class='ocrx_word' id='word_1_48' title='bbox 465 778 611 818; x_wconf 87' lang='lat' dir='ltr'>malles</span> <span class='ocrx_word' id='word_1_49' title='bbox 644 779 806 834; x_wconf 82' lang='lat' dir='ltr'>aliquid</span> <span class='ocrx_word' id='word_1_50' title='bbox 839 793 1031 819; x_wconf 82' lang='lat' dir='ltr'>servasse</span> <span class='ocrx_word' id='word_1_51' title='bbox 1062 787 1309 832; x_wconf 83' lang='lat' dir='ltr'>repostum,</span> 
     </span>
     <span class='ocr_line' id='line_1_10' title="bbox 175 845 1381 904; baseline 0.004 -20"><span class='ocrx_word' id='word_1_52' title='bbox 175 845 295 885; x_wconf 82' lang='lat' dir='ltr'>Unde</span> <span class='ocrx_word' id='word_1_53' title='bbox 336 848 416 886; x_wconf 88' lang='lat' dir='ltr'>tibi</span> <span class='ocrx_word' id='word_1_54' title='bbox 461 849 668 888; x_wconf 86' lang='lat' dir='ltr'>exsudent</span> <span class='ocrx_word' id='word_1_55' title='bbox 713 849 902 888; x_wconf 83' lang='lat' dir='ltr'>rorantia</span> <span class='ocrx_word' id='word_1_56' title='bbox 944 849 1085 902; x_wconf 80' lang='lat' dir='ltr'>praela</span> <span class='ocrx_word' id='word_1_57' title='bbox 1127 850 1381 904; x_wconf 82' lang='lat' dir='ltr'>quotannis,</span> 
     </span>
     <span class='ocr_line' id='line_1_11' title="bbox 173 917 1328 974; baseline 0.003 -18"><span class='ocrx_word' id='word_1_58' title='bbox 173 917 231 957; x_wconf 83' lang='lat' dir='ltr'>Et</span> <span class='ocrx_word' id='word_1_59' title='bbox 260 918 427 958; x_wconf 88' lang='lat' dir='ltr'>madido</span> <span class='ocrx_word' id='word_1_60' title='bbox 458 919 724 972; x_wconf 80' lang='lat' dir='ltr'>illacrymans</span> <span class='ocrx_word' id='word_1_61' title='bbox 756 933 885 959; x_wconf 89' lang='lat' dir='ltr'>canna</span> <span class='ocrx_word' id='word_1_62' title='bbox 917 928 1132 973; x_wconf 78' lang='lat' dir='ltr'>angustata</span> <span class='ocrx_word' id='word_1_63' title='bbox 1162 929 1328 974; x_wconf 81' lang='lat' dir='ltr'>trapeto</span> 
     </span>
     <span class='ocr_line' id='line_1_12' title="bbox 177 987 1233 1037; baseline 0.002 -10"><span class='ocrx_word' id='word_1_64' title='bbox 177 987 380 1028; x_wconf 86' lang='lat' dir='ltr'>Strideat.</span> <span class='ocrx_word' id='word_1_65' title='bbox 440 993 503 1030; x_wconf 90' lang='lat' dir='ltr'>Ex</span> <span class='ocrx_word' id='word_1_66' title='bbox 534 991 628 1030; x_wconf 89' lang='lat' dir='ltr'>aliis</span> <span class='ocrx_word' id='word_1_67' title='bbox 659 991 757 1031; x_wconf 82' lang='lat' dir='ltr'>alias</span> <span class='ocrx_word' id='word_1_68' title='bbox 789 1001 832 1031; x_wconf 82' lang='lat' dir='ltr'>tu</span> <span class='ocrx_word' id='word_1_69' title='bbox 864 990 1016 1030; x_wconf 75' lang='lat' dir='ltr'>suffice</span> <span class='ocrx_word' id='word_1_70' title='bbox 1047 1003 1233 1037; x_wconf 84' lang='lat' dir='ltr'>messes,</span> 
     </span>
    </p>

    <p class='ocr_par' dir='ltr' id='par_1_3' title="bbox 176 1058 1440 1253">
     <span class='ocr_line' id='line_1_13' title="bbox 176 1058 1372 1112; baseline 0.001 -13"><span class='ocrx_word' id='word_1_71' title='bbox 176 1058 224 1099; x_wconf 83' lang='lat' dir='ltr'>Si</span> <span class='ocrx_word' id='word_1_72' title='bbox 255 1060 390 1112; x_wconf 77' lang='lat' dir='ltr'>sapis:</span> <span class='ocrx_word' id='word_1_73' title='bbox 422 1062 599 1101; x_wconf 80' lang='lat' dir='ltr'>alternis</span> <span class='ocrx_word' id='word_1_74' title='bbox 630 1062 734 1101; x_wconf 79' lang='lat' dir='ltr'>haec</span> <span class='ocrx_word' id='word_1_75' title='bbox 764 1071 874 1110; x_wconf 84' lang='lat' dir='ltr'>stet,</span> <span class='ocrx_word' id='word_1_76' title='bbox 908 1062 1026 1101; x_wconf 85' lang='lat' dir='ltr'>cadat</span> <span class='ocrx_word' id='word_1_77' title='bbox 1055 1061 1125 1100; x_wconf 86' lang='lat' dir='ltr'>illa</span> <span class='ocrx_word' id='word_1_78' title='bbox 1157 1062 1372 1109; x_wconf 65' lang='lat' dir='ltr'>vicissim,</span> 
     </span>
     <span class='ocr_line' id='line_1_14' title="bbox 178 1129 1440 1187; baseline 0.003 -18"><span class='ocrx_word' id='word_1_79' title='bbox 178 1129 395 1184; x_wconf 85' lang='lat' dir='ltr'>Spemque</span> <span class='ocrx_word' id='word_1_80' title='bbox 425 1140 535 1170; x_wconf 55' lang='lat' dir='ltr'>‘tuam</span> <span class='ocrx_word' id='word_1_81' title='bbox 566 1132 738 1179; x_wconf 85' lang='lat' dir='ltr'>refove,</span> <span class='ocrx_word' id='word_1_82' title='bbox 780 1132 1027 1187; x_wconf 78' lang='lat' dir='ltr'>calamoque</span> <span class='ocrx_word' id='word_1_83' title='bbox 1073 1133 1302 1184; x_wconf 85' lang='lat' dir='ltr'>superstite</span> <span class='ocrx_word' id='word_1_84' title='bbox 1333 1133 1440 1173; x_wconf 85' lang='lat' dir='ltr'>lacta</span> 
     </span>
     <span class='ocr_line' id='line_1_15' title="bbox 180 1199 1211 1253; baseline 0.005 -15"><span class='ocrx_word' id='word_1_85' title='bbox 180 1199 382 1253; x_wconf 83' lang='lat' dir='ltr'>Semper,</span> <span class='ocrx_word' id='word_1_86' title='bbox 420 1212 462 1242; x_wconf 89' lang='lat' dir='ltr'>et</span> <span class='ocrx_word' id='word_1_87' title='bbox 492 1204 649 1243; x_wconf 82' lang='lat' dir='ltr'>incerti</span> <span class='ocrx_word' id='word_1_88' title='bbox 681 1203 829 1243; x_wconf 78' lang='lat' dir='ltr'>subeat</span> <span class='ocrx_word' id='word_1_89' title='bbox 861 1213 902 1242; x_wconf 86' lang='lat' dir='ltr'>te</span> <span class='ocrx_word' id='word_1_90' title='bbox 933 1217 1032 1242; x_wconf 89' lang='lat' dir='ltr'>cura</span> <span class='ocrx_word' id='word_1_91' title='bbox 1060 1201 1211 1243; x_wconf 83' lang='lat' dir='ltr'>futuri.</span> 
     </span>
    </p>

    <p class='ocr_par' dir='ltr' id='par_1_4' title="bbox 177 1273 1485 1754">
     <span class='ocr_line' id='line_1_16' title="bbox 289 1273 1483 1329; baseline 0.003 -17"><span class='ocrx_word' id='word_1_92' title='bbox 289 1273 380 1312; x_wconf 86' lang='lat' dir='ltr'>Jam</span> <span class='ocrx_word' id='word_1_93' title='bbox 431 1287 538 1329; x_wconf 74' lang='lat' dir='ltr'>quae</span> <span class='ocrx_word' id='word_1_94' title='bbox 592 1275 809 1328; x_wconf 79' lang='lat' dir='ltr'>praesenti</span> <span class='ocrx_word' id='word_1_95' title='bbox 863 1274 1015 1326; x_wconf 83' lang='lat' dir='ltr'>eapitis</span> <span class='ocrx_word' id='word_1_96' title='bbox 1064 1273 1329 1314; x_wconf 77' lang='lat' dir='ltr'>damnaveris</span> <span class='ocrx_word' id='word_1_97' title='bbox 1374 1288 1483 1316; x_wconf 80' lang='lat' dir='ltr'>enno</span> 
     </span>
     <span class='ocr_line' id='line_1_17' title="bbox 177 1342 1278 1395; baseline 0.004 -15"><span class='ocrx_word' id='word_1_98' title='bbox 177 1342 361 1395; x_wconf 84' lang='lat' dir='ltr'>Jugera,</span> <span class='ocrx_word' id='word_1_99' title='bbox 394 1343 460 1383; x_wconf 87' lang='lat' dir='ltr'>sac</span> <span class='ocrx_word' id='word_1_100' title='bbox 491 1345 611 1385; x_wconf 86' lang='lat' dir='ltr'>denis</span> <span class='ocrx_word' id='word_1_101' title='bbox 642 1346 788 1385; x_wconf 86' lang='lat' dir='ltr'>saltem</span> <span class='ocrx_word' id='word_1_102' title='bbox 819 1344 900 1384; x_wconf 87' lang='lat' dir='ltr'>tibi</span> <span class='ocrx_word' id='word_1_103' title='bbox 930 1344 1147 1383; x_wconf 85' lang='lat' dir='ltr'>mensibus</span> <span class='ocrx_word' id='word_1_104' title='bbox 1180 1354 1278 1384; x_wconf 87' lang='lat' dir='ltr'>octo</span> 
     </span>
     <span class='ocr_line' id='line_1_18' title="bbox 179 1413 1275 1456; baseline 0 -3"><span class='ocrx_word' id='word_1_105' title='bbox 179 1413 462 1455; x_wconf 84' lang='lat' dir='ltr'>Addiderint:</span> <span class='ocrx_word' id='word_1_106' title='bbox 495 1415 627 1456; x_wconf 82' lang='lat' dir='ltr'>falces</span> <span class='ocrx_word' id='word_1_107' title='bbox 658 1424 746 1455; x_wconf 87' lang='lat' dir='ltr'>tum</span> <span class='ocrx_word' id='word_1_108' title='bbox 776 1415 838 1456; x_wconf 76' lang='lat' dir='ltr'>sas</span> <span class='ocrx_word' id='word_1_109' title='bbox 869 1415 1034 1454; x_wconf 78' lang='lat' dir='ltr'>acuisse</span> <span class='ocrx_word' id='word_1_110' title='bbox 1063 1428 1275 1454; x_wconf 85' lang='lat' dir='ltr'>recurvas.</span> 
     </span>
     <span class='ocr_line' id='line_1_19' title="bbox 178 1483 1373 1539; baseline 0.001 -15"><span class='ocrx_word' id='word_1_111' title='bbox 178 1483 370 1524; x_wconf 80' lang='lat' dir='ltr'>Armatas</span> <span class='ocrx_word' id='word_1_112' title='bbox 401 1485 564 1525; x_wconf 81' lang='lat' dir='ltr'>immite</span> <span class='ocrx_word' id='word_1_113' title='bbox 595 1501 765 1535; x_wconf 84' lang='lat' dir='ltr'>manus,</span> <span class='ocrx_word' id='word_1_114' title='bbox 797 1487 978 1525; x_wconf 81' lang='lat' dir='ltr'>immitte</span> <span class='ocrx_word' id='word_1_115' title='bbox 1010 1485 1212 1525; x_wconf 89' lang='lat' dir='ltr'>cohortes</span> <span class='ocrx_word' id='word_1_116' title='bbox 1370 1534 1373 1539; x_wconf 32' lang='grc' dir='ltr'>Ι</span> 
     </span>
     <span class='ocr_line' id='line_1_20' title="bbox 180 1555 1431 1613; baseline 0.002 -19"><span class='ocrx_word' id='word_1_117' title='bbox 180 1556 450 1606; x_wconf 73' lang='lat' dir='ltr'>Messorum⁵</span> <span class='ocrx_word' id='word_1_118' title='bbox 483 1558 636 1613; x_wconf 85' lang='lat' dir='ltr'>quibus</span> <span class='ocrx_word' id='word_1_119' title='bbox 667 1558 718 1598; x_wconf 89' lang='lat' dir='ltr'>ad</span> <span class='ocrx_word' id='word_1_120' title='bbox 747 1558 912 1596; x_wconf 65' lang='lat' dir='ltr'>sornam</span> <span class='ocrx_word' id='word_1_121' title='bbox 942 1571 1015 1596; x_wconf 84' lang='lat' dir='ltr'>sua</span> <span class='ocrx_word' id='word_1_122' title='bbox 1046 1555 1220 1595; x_wconf 81' lang='lat' dir='ltr'>classica</span> <span class='ocrx_word' id='word_1_123' title='bbox 1250 1559 1431 1609; x_wconf 78' lang='lat' dir='ltr'>pugn&#39;am</span> 
     </span>
     <span class='ocr_line' id='line_1_21' title="bbox 183 1626 1485 1679; baseline 0.002 -14"><span class='ocrx_word' id='word_1_124' title='bbox 183 1626 288 1665; x_wconf 90' lang='lat' dir='ltr'>Cum</span> <span class='ocrx_word' id='word_1_125' title='bbox 328 1628 552 1679; x_wconf 84' lang='lat' dir='ltr'>cecinere,</span> <span class='ocrx_word' id='word_1_126' title='bbox 599 1637 724 1668; x_wconf 88' lang='lat' dir='ltr'>ruunt</span> <span class='ocrx_word' id='word_1_127' title='bbox 764 1629 948 1676; x_wconf 79' lang='lat' dir='ltr'>alacres,</span> <span class='ocrx_word' id='word_1_128' title='bbox 992 1636 1036 1667; x_wconf 90' lang='lat' dir='ltr'>et</span> <span class='ocrx_word' id='word_1_129' title='bbox 1081 1627 1274 1667; x_wconf 88' lang='lat' dir='ltr'>cominus</span> <span class='ocrx_word' id='word_1_130' title='bbox 1319 1627 1485 1668; x_wconf 84' lang='lat' dir='ltr'>hostem</span> 
     </span>
     <span class='ocr_line' id='line_1_22' title="bbox 182 1697 1312 1754; baseline 0.002 -19"><span class='ocrx_word' id='word_1_131' title='bbox 182 1698 406 1737; x_wconf 86' lang='lat' dir='ltr'>Hastatum</span> <span class='ocrx_word' id='word_1_132' title='bbox 437 1699 622 1748; x_wconf 83' lang='lat' dir='ltr'>feriunt,</span> <span class='ocrx_word' id='word_1_133' title='bbox 655 1700 908 1754; x_wconf 83' lang='lat' dir='ltr'>falcatisque</span> <span class='ocrx_word' id='word_1_134' title='bbox 939 1698 1110 1738; x_wconf 86' lang='lat' dir='ltr'>ensibus</span> <span class='ocrx_word' id='word_1_135' title='bbox 1140 1697 1312 1737; x_wconf 80' lang='lat' dir='ltr'>instant.</span> 
     </span>
    </p>

    <p class='ocr_par' dir='ltr' id='par_1_5' title="bbox 184 1768 1547 2594">
     <span class='ocr_line' id='line_1_23' title="bbox 184 1768 1356 1823; baseline 0.003 -17"><span class='ocrx_word' id='word_1_136' title='bbox 184 1768 244 1806; x_wconf 83' lang='lat' dir='ltr'>Hi</span> <span class='ocrx_word' id='word_1_137' title='bbox 276 1777 522 1819; x_wconf 81' lang='lat' dir='ltr'>sternuunt,</span> <span class='ocrx_word' id='word_1_138' title='bbox 564 1770 638 1809; x_wconf 88' lang='lat' dir='ltr'>alii</span> <span class='ocrx_word' id='word_1_139' title='bbox 680 1769 884 1818; x_wconf 88' lang='lat' dir='ltr'>subeunt,</span> <span class='ocrx_word' id='word_1_140' title='bbox 929 1779 970 1809; x_wconf 91' lang='lat' dir='ltr'>et</span> <span class='ocrx_word' id='word_1_141' title='bbox 1010 1782 1121 1821; x_wconf 84' lang='lat' dir='ltr'>pone</span> <span class='ocrx_word' id='word_1_142' title='bbox 1162 1768 1356 1823; x_wconf 76' lang='lat' dir='ltr'>legentes</span> 
     </span>
     <span class='ocr_line' id='line_1_24' title="bbox 187 1838 1362 1895; baseline 0.001 -19"><span class='ocrx_word' id='word_1_143' title='bbox 187 1838 421 1879; x_wconf 86' lang='lat' dir='ltr'>Stratorum</span> <span class='ocrx_word' id='word_1_144' title='bbox 453 1841 604 1895; x_wconf 85' lang='lat' dir='ltr'>spoliis</span> <span class='ocrx_word' id='word_1_145' title='bbox 634 1841 825 1888; x_wconf 85' lang='lat' dir='ltr'>inhiant,</span> <span class='ocrx_word' id='word_1_146' title='bbox 859 1839 1123 1893; x_wconf 82' lang='lat' dir='ltr'>sparsimque</span> <span class='ocrx_word' id='word_1_147' title='bbox 1153 1838 1362 1893; x_wconf 83' lang='lat' dir='ltr'>jacentum</span> 
     </span>
     <span class='ocr_line' id='line_1_25' title="bbox 188 1909 1404 1969; baseline 0.002 -21"><span class='ocrx_word' id='word_1_148' title='bbox 188 1909 380 1962; x_wconf 81' lang='lat' dir='ltr'>Corpora</span> <span class='ocrx_word' id='word_1_149' title='bbox 422 1912 463 1950; x_wconf 91' lang='lat' dir='ltr'>in</span> <span class='ocrx_word' id='word_1_150' title='bbox 508 1921 748 1953; x_wconf 83' lang='lat' dir='ltr'>exstructos</span> <span class='ocrx_word' id='word_1_151' title='bbox 789 1911 992 1951; x_wconf 79' lang='lat' dir='ltr'>confusae</span> <span class='ocrx_word' id='word_1_152' title='bbox 1032 1910 1186 1963; x_wconf 81' lang='lat' dir='ltr'>stragis</span> <span class='ocrx_word' id='word_1_153' title='bbox 1229 1924 1404 1969; x_wconf 81' lang='lat' dir='ltr'>acervos</span> 
     </span>
     <span class='ocr_line' id='line_1_26' title="bbox 188 1979 1427 2036; baseline 0.003 -18"><span class='ocrx_word' id='word_1_154' title='bbox 188 1979 489 2023; x_wconf 84' lang='lat' dir='ltr'>Accumulant:</span> <span class='ocrx_word' id='word_1_155' title='bbox 536 1983 719 2023; x_wconf 86' lang='lat' dir='ltr'>miscere</span> <span class='ocrx_word' id='word_1_156' title='bbox 762 1997 932 2030; x_wconf 89' lang='lat' dir='ltr'>manus,</span> <span class='ocrx_word' id='word_1_157' title='bbox 976 1990 1180 2036; x_wconf 84' lang='lat' dir='ltr'>torquere</span> <span class='ocrx_word' id='word_1_158' title='bbox 1220 1980 1427 2027; x_wconf 83' lang='lat' dir='ltr'>lacertos,</span> 
     </span>
     <span class='ocr_line' id='line_1_27' title="bbox 188 2051 1207 2110; baseline 0 -19"><span class='ocrx_word' id='word_1_159' title='bbox 188 2051 357 2093; x_wconf 85' lang='lat' dir='ltr'>Collato</span> <span class='ocrx_word' id='word_1_160' title='bbox 388 2067 577 2109; x_wconf 81' lang='lat' dir='ltr'>pugnare</span> <span class='ocrx_word' id='word_1_161' title='bbox 608 2052 771 2110; x_wconf 78' lang='lat' dir='ltr'>gradu,</span> <span class='ocrx_word' id='word_1_162' title='bbox 803 2053 1044 2107; x_wconf 85' lang='lat' dir='ltr'>caesimque</span> <span class='ocrx_word' id='word_1_163' title='bbox 1075 2052 1207 2092; x_wconf 86' lang='lat' dir='ltr'>ferire</span> 
     </span>
     <span class='ocr_line' id='line_1_28' title="bbox 187 2121 1547 2176; baseline 0.001 -15"><span class='ocrx_word' id='word_1_164' title='bbox 187 2121 515 2176; x_wconf 84' lang='lat' dir='ltr'>Adproberant:</span> <span class='ocrx_word' id='word_1_165' title='bbox 563 2139 662 2164; x_wconf 86' lang='lat' dir='ltr'>suus</span> <span class='ocrx_word' id='word_1_166' title='bbox 713 2123 785 2164; x_wconf 89' lang='lat' dir='ltr'>hic</span> <span class='ocrx_word' id='word_1_167' title='bbox 835 2123 964 2164; x_wconf 87' lang='lat' dir='ltr'>veluti</span> <span class='ocrx_word' id='word_1_168' title='bbox 1013 2123 1066 2162; x_wconf 82' lang='lat' dir='ltr'>de</span> <span class='ocrx_word' id='word_1_169' title='bbox 1115 2122 1291 2161; x_wconf 85' lang='lat' dir='ltr'>vulnere</span> <span class='ocrx_word' id='word_1_170' title='bbox 1342 2121 1512 2176; x_wconf 83' lang='lat' dir='ltr'>sanguis</span> <span class='ocrx_word' id='word_1_171' title='bbox 1542 2159 1547 2162; x_wconf 20' lang='grc' dir='ltr'><strong><em>Δ</em></strong></span> 
     </span>
     <span class='ocr_line' id='line_1_29' title="bbox 191 2184 1346 2251; baseline -0.001 -19"><span class='ocrx_word' id='word_1_172' title='bbox 191 2184 503 2249; x_wconf 78' lang='lat' dir='ltr'>Subsequitur,</span> <span class='ocrx_word' id='word_1_173' title='bbox 535 2195 737 2251; x_wconf 84' lang='lat' dir='ltr'>dulcique</span> <span class='ocrx_word' id='word_1_174' title='bbox 768 2194 907 2233; x_wconf 82' lang='lat' dir='ltr'>madet</span> <span class='ocrx_word' id='word_1_175' title='bbox 936 2193 1021 2233; x_wconf 84' lang='lat' dir='ltr'>falx</span> <span class='ocrx_word' id='word_1_176' title='bbox 1052 2192 1204 2246; x_wconf 80' lang='lat' dir='ltr'>perlita</span> <span class='ocrx_word' id='word_1_177' title='bbox 1233 2206 1346 2231; x_wconf 88' lang='lat' dir='ltr'>rore.</span> 
     </span>
     <span class='ocr_line' id='line_1_30' title="bbox 190 2261 1419 2320; baseline -0.002 -17"><span class='ocrx_word' id='word_1_178' title='bbox 190 2265 287 2303; x_wconf 86' lang='lat' dir='ltr'>Non</span> <span class='ocrx_word' id='word_1_179' title='bbox 318 2265 490 2320; x_wconf 86' lang='lat' dir='ltr'>impune</span> <span class='ocrx_word' id='word_1_180' title='bbox 521 2276 658 2306; x_wconf 87' lang='lat' dir='ltr'>tamen</span> <span class='ocrx_word' id='word_1_181' title='bbox 681 2295 691 2314; x_wconf 91' lang='lat'><strong>‚</strong></span> <span class='ocrx_word' id='word_1_182' title='bbox 722 2277 801 2304; x_wconf 86' lang='lat' dir='ltr'>nec</span> <span class='ocrx_word' id='word_1_183' title='bbox 832 2264 962 2304; x_wconf 88' lang='lat' dir='ltr'>inulta</span> <span class='ocrx_word' id='word_1_184' title='bbox 992 2263 1203 2304; x_wconf 84' lang='lat' dir='ltr'>recumbit</span> <span class='ocrx_word' id='word_1_185' title='bbox 1232 2261 1419 2312; x_wconf 89' lang='lat' dir='ltr'>arundo,</span> 
     </span>
     <span class='ocr_line' id='line_1_31' title="bbox 190 2333 1475 2390; baseline -0.002 -15"><span class='ocrx_word' id='word_1_186' title='bbox 190 2335 365 2376; x_wconf 83' lang='lat' dir='ltr'>Fronde</span> <span class='ocrx_word' id='word_1_187' title='bbox 396 2338 470 2376; x_wconf 83' lang='lat' dir='ltr'>sed</span> <span class='ocrx_word' id='word_1_188' title='bbox 502 2338 546 2376; x_wconf 87' lang='lat' dir='ltr'>in</span> <span class='ocrx_word' id='word_1_189' title='bbox 575 2336 750 2390; x_wconf 81' lang='lat' dir='ltr'>longum</span> <span class='ocrx_word' id='word_1_190' title='bbox 781 2348 1030 2375; x_wconf 89' lang='lat' dir='ltr'>mucronem</span> <span class='ocrx_word' id='word_1_191' title='bbox 1059 2333 1240 2373; x_wconf 88' lang='lat' dir='ltr'>abeunte</span> <span class='ocrx_word' id='word_1_192' title='bbox 1269 2342 1475 2374; x_wconf 72' lang='lat' dir='ltr'>metentes</span> 
     </span>
     <span class='ocr_line' id='line_1_32' title="bbox 192 2405 1425 2459; baseline -0.001 -14"><span class='ocrx_word' id='word_1_193' title='bbox 192 2406 389 2459; x_wconf 84' lang='lat' dir='ltr'>Excipit:</span> <span class='ocrx_word' id='word_1_194' title='bbox 421 2407 498 2447; x_wconf 80' lang='lat' dir='ltr'>ab!</span> <span class='ocrx_word' id='word_1_195' title='bbox 532 2407 687 2447; x_wconf 88' lang='lat' dir='ltr'>multos</span> <span class='ocrx_word' id='word_1_196' title='bbox 718 2405 789 2444; x_wconf 84' lang='lat' dir='ltr'>illa</span> <span class='ocrx_word' id='word_1_197' title='bbox 820 2405 1004 2459; x_wconf 88' lang='lat' dir='ltr'>undique</span> <span class='ocrx_word' id='word_1_198' title='bbox 1036 2405 1173 2459; x_wconf 83' lang='lat' dir='ltr'>surgit</span> <span class='ocrx_word' id='word_1_199' title='bbox 1203 2405 1246 2443; x_wconf 88' lang='lat' dir='ltr'>in</span> <span class='ocrx_word' id='word_1_200' title='bbox 1276 2418 1425 2453; x_wconf 80' lang='lat' dir='ltr'>enses,</span> 
     </span>
     <span class='ocr_line' id='line_1_33' title="bbox 193 2476 1292 2532; baseline 0.001 -18"><span class='ocrx_word' id='word_1_201' title='bbox 193 2476 285 2515; x_wconf 88' lang='lat' dir='ltr'>Nec</span> <span class='ocrx_word' id='word_1_202' title='bbox 314 2478 429 2532; x_wconf 81' lang='lat' dir='ltr'>tangi</span> <span class='ocrx_word' id='word_1_203' title='bbox 462 2478 597 2517; x_wconf 80' lang='lat' dir='ltr'>facilis</span> <span class='ocrx_word' id='word_1_204' title='bbox 627 2476 933 2530; x_wconf 82' lang='lat' dir='ltr'>tractandoque</span> <span class='ocrx_word' id='word_1_205' title='bbox 963 2489 1134 2528; x_wconf 86' lang='lat' dir='ltr'>aspera,</span> <span class='ocrx_word' id='word_1_206' title='bbox 1167 2489 1292 2528; x_wconf 85' lang='lat' dir='ltr'>saepe</span> 
     </span>
     <span class='ocr_line' id='line_1_34' title="bbox 193 2546 1171 2594; baseline 0.001 -10"><span class='ocrx_word' id='word_1_207' title='bbox 193 2546 405 2587; x_wconf 86' lang='lat' dir='ltr'>Instantes</span> <span class='ocrx_word' id='word_1_208' title='bbox 436 2558 527 2588; x_wconf 87' lang='lat' dir='ltr'>atro</span> <span class='ocrx_word' id='word_1_209' title='bbox 559 2548 699 2587; x_wconf 84' lang='lat' dir='ltr'>vibice</span> <span class='ocrx_word' id='word_1_210' title='bbox 728 2546 968 2587; x_wconf 87' lang='lat' dir='ltr'>redulcerat</span> <span class='ocrx_word' id='word_1_211' title='bbox 996 2546 1171 2594; x_wconf 86' lang='lat' dir='ltr'>hostes,</span> 
     </span>
    </p>

    <p class='ocr_par' dir='ltr' id='par_1_6' title="bbox 194 2615 1144 2672">
     <span class='ocr_line' id='line_1_35' title="bbox 194 2615 1144 2672; baseline 0.002 -18"><span class='ocrx_word' id='word_1_212' title='bbox 194 2615 397 2672; x_wconf 82' lang='lat' dir='ltr'>Illataque</span> <span class='ocrx_word' id='word_1_213' title='bbox 429 2634 522 2659; x_wconf 88' lang='lat' dir='ltr'>suas</span> <span class='ocrx_word' id='word_1_214' title='bbox 553 2625 801 2671; x_wconf 72' lang='lat' dir='ltr'>compensat</span> <span class='ocrx_word' id='word_1_215' title='bbox 834 2616 954 2656; x_wconf 87' lang='lat' dir='ltr'>clade</span> <span class='ocrx_word' id='word_1_216' title='bbox 984 2617 1144 2656; x_wconf 88' lang='lat' dir='ltr'>ruinas.</span> 
     </span>
    </p>

    <p class='ocr_par' dir='ltr' id='par_1_7' title="bbox 197 2685 1371 2882">
     <span class='ocr_line' id='line_1_36' title="bbox 197 2685 1305 2742; baseline -0.001 -17"><span class='ocrx_word' id='word_1_217' title='bbox 197 2687 288 2727; x_wconf 88' lang='lat' dir='ltr'>Nec</span> <span class='ocrx_word' id='word_1_218' title='bbox 315 2690 447 2729; x_wconf 87' lang='lat' dir='ltr'>minus</span> <span class='ocrx_word' id='word_1_219' title='bbox 479 2690 641 2728; x_wconf 85' lang='lat' dir='ltr'>idcirco</span> <span class='ocrx_word' id='word_1_220' title='bbox 675 2687 910 2742; x_wconf 85' lang='lat' dir='ltr'>impavidus</span> <span class='ocrx_word' id='word_1_221' title='bbox 941 2701 1019 2740; x_wconf 87' lang='lat' dir='ltr'>per</span> <span class='ocrx_word' id='word_1_222' title='bbox 1046 2687 1191 2741; x_wconf 81' lang='lat' dir='ltr'>jugera</span> <span class='ocrx_word' id='word_1_223' title='bbox 1219 2685 1305 2725; x_wconf 86' lang='lat' dir='ltr'>late</span> 
     </span>
     <span class='ocr_line' id='line_1_37' title="bbox 197 2757 1315 2813; baseline -0.001 -18"><span class='ocrx_word' id='word_1_224' title='bbox 197 2758 368 2798; x_wconf 83' lang='lat' dir='ltr'>Messor</span> <span class='ocrx_word' id='word_1_225' title='bbox 398 2769 465 2800; x_wconf 90' lang='lat' dir='ltr'>eat</span> <span class='ocrx_word' id='word_1_226' title='bbox 486 2789 496 2809; x_wconf 93' lang='lat'>,</span> <span class='ocrx_word' id='word_1_227' title='bbox 528 2760 732 2813; x_wconf 86' lang='lat' dir='ltr'>ferroque</span> <span class='ocrx_word' id='word_1_228' title='bbox 756 2757 864 2798; x_wconf 87' lang='lat' dir='ltr'>viam</span> <span class='ocrx_word' id='word_1_229' title='bbox 895 2757 1099 2798; x_wconf 87' lang='lat' dir='ltr'>eluctatus</span> <span class='ocrx_word' id='word_1_230' title='bbox 1128 2765 1315 2810; x_wconf 81' lang='lat' dir='ltr'>apertam</span> 
     </span>
     <span class='ocr_line' id='line_1_38' title="bbox 198 2826 1371 2882; baseline -0.001 -15"><span class='ocrx_word' id='word_1_231' title='bbox 198 2827 370 2869; x_wconf 82' lang='lat' dir='ltr'>Sternat</span> <span class='ocrx_word' id='word_1_232' title='bbox 408 2829 664 2871; x_wconf 82' lang='lat' dir='ltr'>arundineae</span> <span class='ocrx_word' id='word_1_233' title='bbox 703 2828 907 2871; x_wconf 77' lang='lat' dir='ltr'>frondosa</span> <span class='ocrx_word' id='word_1_234' title='bbox 946 2827 1162 2869; x_wconf 82' lang='lat' dir='ltr'>cacumina</span> <span class='ocrx_word' id='word_1_235' title='bbox 1206 2826 1371 2882; x_wconf 63' lang='lat' dir='ltr'>sylvae,</span> 
     </span>
    </p>
   </div>
  </div>
 </body>
</html>
