<?xml version="1.0" encoding="UTF-8"?>
<!DOCTYPE html PUBLIC "-//W3C//DTD XHTML 1.0 Transitional//EN"
    "http://www.w3.org/TR/xhtml1/DTD/xhtml1-transitional.dtd">
<html xmlns="http://www.w3.org/1999/xhtml" xml:lang="en" lang="en">
 <head>
  <title>
</title>
<meta http-equiv="Content-Type" content="text/html;charset=utf-8" />
  <meta name='ocr-system' content='tesseract 3.04.00' />
  <meta name='ocr-capabilities' content='ocr_page ocr_carea ocr_par ocr_line ocrx_word'/>
</head>
<body>
  <div class='ocr_page' id='page_1' title='image "agrostologiabras00nees_0012.png"; bbox 0 0 1788 3183; ppageno 0'>
   <div class='ocr_carea' id='block_1_1' title="bbox 169 171 1046 208">
    <p class='ocr_par' dir='ltr' id='par_1_1' title="bbox 169 171 1046 208">
     <span class='ocr_line' id='line_1_1' title="bbox 169 171 1046 208; baseline 0.01 -10"><span class='ocrx_word' id='word_1_1' title='bbox 169 174 200 198; x_wconf 78' lang='grc' dir='ltr'>ιι</span> <span class='ocrx_word' id='word_1_2' title='bbox 778 171 1046 208; x_wconf 53' lang='grc' dir='ltr'>]ἰι.κιιι··Λίἰυ.</span> 
     </span>
    </p>
   </div>
   <div class='ocr_carea' id='block_1_2' title="bbox 176 289 1681 1772">
    <p class='ocr_par' dir='ltr' id='par_1_2' title="bbox 178 289 1678 732">
     <span class='ocr_line' id='line_1_2' title="bbox 179 289 1672 354; baseline 0.004 -24"><span class='ocrx_word' id='word_1_3' title='bbox 179 297 282 344; x_wconf 69' lang='grc' dir='ltr'>ωε,</span> <span class='ocrx_word' id='word_1_4' title='bbox 322 303 611 350; x_wconf 83' lang='lat' dir='ltr'>quamquam</span> <span class='ocrx_word' id='word_1_5' title='bbox 632 306 728 334; x_wconf 90' lang='lat' dir='ltr'>non</span> <span class='ocrx_word' id='word_1_6' title='bbox 752 289 986 344; x_wconf 81' lang='lat' dir='ltr'>monitus,</span> <span class='ocrx_word' id='word_1_7' title='bbox 1026 290 1290 353; x_wconf 74' lang='lat' dir='ltr'>intelliget,</span> <span class='ocrx_word' id='word_1_8' title='bbox 1329 293 1453 336; x_wconf 82' lang='lat' dir='ltr'>hanc</span> <span class='ocrx_word' id='word_1_9' title='bbox 1478 308 1672 354; x_wconf 80' lang='lat' dir='ltr'>operam</span> 
     </span>
     <span class='ocr_line' id='line_1_3' title="bbox 178 381 1677 448; baseline 0.004 -23"><span class='ocrx_word' id='word_1_10' title='bbox 178 398 294 444; x_wconf 82' lang='lat' dir='ltr'>prae</span> <span class='ocrx_word' id='word_1_11' title='bbox 331 381 438 427; x_wconf 78' lang='lat' dir='ltr'>aliis</span> <span class='ocrx_word' id='word_1_12' title='bbox 470 384 656 438; x_wconf 79' lang='lat' dir='ltr'>multis,</span> <span class='ocrx_word' id='word_1_13' title='bbox 693 385 788 429; x_wconf 87' lang='lat' dir='ltr'>hoc</span> <span class='ocrx_word' id='word_1_14' title='bbox 825 385 1062 447; x_wconf 76' lang='lat' dir='ltr'>imprimis</span> <span class='ocrx_word' id='word_1_15' title='bbox 1099 385 1324 441; x_wconf 80' lang='lat' dir='ltr'>eminere,</span> <span class='ocrx_word' id='word_1_16' title='bbox 1364 386 1497 448; x_wconf 83' lang='lat' dir='ltr'>quod</span> <span class='ocrx_word' id='word_1_17' title='bbox 1530 386 1677 432; x_wconf 79' lang='lat' dir='ltr'>multa</span> 
     </span>
     <span class='ocr_line' id='line_1_4' title="bbox 179 476 1676 542; baseline 0.002 -22"><span class='ocrx_word' id='word_1_18' title='bbox 179 476 399 521; x_wconf 88' lang='lat' dir='ltr'>continet</span> <span class='ocrx_word' id='word_1_19' title='bbox 446 477 699 523; x_wconf 88' lang='lat' dir='ltr'>subtiliore</span> <span class='ocrx_word' id='word_1_20' title='bbox 743 479 926 540; x_wconf 84' lang='lat' dir='ltr'>judicio</span> <span class='ocrx_word' id='word_1_21' title='bbox 973 480 1239 525; x_wconf 71' lang='lat' dir='ltr'>examinata</span> <span class='ocrx_word' id='word_1_22' title='bbox 1276 492 1322 525; x_wconf 89' lang='lat' dir='ltr'>et</span> <span class='ocrx_word' id='word_1_23' title='bbox 1358 497 1519 527; x_wconf 86' lang='lat' dir='ltr'>rerum</span> <span class='ocrx_word' id='word_1_24' title='bbox 1554 480 1676 542; x_wconf 85' lang='lat' dir='ltr'>diju-</span> 
     </span>
     <span class='ocr_line' id='line_1_5' title="bbox 182 571 1678 630; baseline 0.001 -13"><span class='ocrx_word' id='word_1_25' title='bbox 182 571 451 617; x_wconf 80' lang='lat' dir='ltr'>dicatarum</span> <span class='ocrx_word' id='word_1_26' title='bbox 496 572 667 617; x_wconf 87' lang='lat' dir='ltr'>ordine</span> <span class='ocrx_word' id='word_1_27' title='bbox 719 584 765 617; x_wconf 88' lang='lat' dir='ltr'>et</span> <span class='ocrx_word' id='word_1_28' title='bbox 813 572 1034 619; x_wconf 81' lang='lat' dir='ltr'>ubertate</span> <span class='ocrx_word' id='word_1_29' title='bbox 1084 592 1277 620; x_wconf 84' lang='lat' dir='ltr'>omnem</span> <span class='ocrx_word' id='word_1_30' title='bbox 1321 576 1449 630; x_wconf 80' lang='lat' dir='ltr'>sere,</span> <span class='ocrx_word' id='word_1_31' title='bbox 1513 586 1567 620; x_wconf 89' lang='lat' dir='ltr'>ut</span> <span class='ocrx_word' id='word_1_32' title='bbox 1612 575 1678 620; x_wconf 77' lang='lat' dir='ltr'>ita</span> 
     </span>
     <span class='ocr_line' id='line_1_6' title="bbox 179 665 1231 732; baseline -0.001 -20"><span class='ocrx_word' id='word_1_33' title='bbox 179 665 363 722; x_wconf 79' lang='lat' dir='ltr'>dicam,</span> <span class='ocrx_word' id='word_1_34' title='bbox 401 665 568 713; x_wconf 86' lang='lat' dir='ltr'>orbem</span> <span class='ocrx_word' id='word_1_35' title='bbox 604 677 839 713; x_wconf 77' lang='lat' dir='ltr'>terrarum</span> <span class='ocrx_word' id='word_1_36' title='bbox 875 669 1231 732; x_wconf 79' lang='lat' dir='ltr'>complectitur.</span> 
     </span>
    </p>

    <p class='ocr_par' dir='ltr' id='par_1_3' title="bbox 176 747 1679 1391">
     <span class='ocr_line' id='line_1_7' title="bbox 311 747 1678 824; baseline 0.001 -19"><span class='ocrx_word' id='word_1_37' title='bbox 311 760 365 805; x_wconf 87' lang='lat' dir='ltr'>Si</span> <span class='ocrx_word' id='word_1_38' title='bbox 408 761 534 804; x_wconf 89' lang='lat' dir='ltr'>inter</span> <span class='ocrx_word' id='word_1_39' title='bbox 584 778 667 816; x_wconf 82' lang='lat' dir='ltr'>ea,</span> <span class='ocrx_word' id='word_1_40' title='bbox 730 779 852 824; x_wconf 83' lang='lat' dir='ltr'>quae</span> <span class='ocrx_word' id='word_1_41' title='bbox 898 763 1000 824; x_wconf 81' lang='lat' dir='ltr'>ipse</span> <span class='ocrx_word' id='word_1_42' title='bbox 1047 762 1159 807; x_wconf 87' lang='lat' dir='ltr'>huic</span> <span class='ocrx_word' id='word_1_43' title='bbox 1202 747 1445 806; x_wconf 31' lang='lat' dir='ltr'>&#39;volumini</span> <span class='ocrx_word' id='word_1_44' title='bbox 1495 761 1678 823; x_wconf 87' lang='lat' dir='ltr'>subjeci</span> 
     </span>
     <span class='ocr_line' id='line_1_8' title="bbox 179 853 1679 918; baseline 0 -16"><span class='ocrx_word' id='word_1_45' title='bbox 179 854 413 906; x_wconf 83' lang='lat' dir='ltr'>nonnulla</span> <span class='ocrx_word' id='word_1_46' title='bbox 457 865 503 899; x_wconf 90' lang='lat' dir='ltr'>te</span> <span class='ocrx_word' id='word_1_47' title='bbox 549 853 945 901; x_wconf 79' lang='lat' dir='ltr'>animadvertisse</span> <span class='ocrx_word' id='word_1_48' title='bbox 992 856 1276 911; x_wconf 77' lang='lat' dir='ltr'>arbitreris,</span> <span class='ocrx_word' id='word_1_49' title='bbox 1333 873 1455 918; x_wconf 83' lang='lat' dir='ltr'>quae</span> <span class='ocrx_word' id='word_1_50' title='bbox 1501 867 1583 900; x_wconf 83' lang='lat' dir='ltr'>aut</span> <span class='ocrx_word' id='word_1_51' title='bbox 1618 854 1679 902; x_wconf 81' lang='lat' dir='ltr'>ad</span> 
     </span>
     <span class='ocr_line' id='line_1_9' title="bbox 176 948 1678 1011; baseline -0.003 -13"><span class='ocrx_word' id='word_1_52' title='bbox 176 952 304 998; x_wconf 88' lang='lat' dir='ltr'>hunc</span> <span class='ocrx_word' id='word_1_53' title='bbox 351 949 514 994; x_wconf 85' lang='lat' dir='ltr'>locum</span> <span class='ocrx_word' id='word_1_54' title='bbox 564 948 808 1011; x_wconf 86' lang='lat' dir='ltr'>pertinere</span> <span class='ocrx_word' id='word_1_55' title='bbox 858 968 958 996; x_wconf 90' lang='lat' dir='ltr'>non</span> <span class='ocrx_word' id='word_1_56' title='bbox 998 951 1281 1006; x_wconf 75' lang='lat' dir='ltr'>videantur,</span> <span class='ocrx_word' id='word_1_57' title='bbox 1348 961 1429 995; x_wconf 79' lang='lat' dir='ltr'>aut</span> <span class='ocrx_word' id='word_1_58' title='bbox 1481 949 1678 994; x_wconf 87' lang='lat' dir='ltr'>uberius</span> 
     </span>
     <span class='ocr_line' id='line_1_10' title="bbox 178 1042 1679 1105; baseline -0.003 -14"><span class='ocrx_word' id='word_1_59' title='bbox 178 1054 474 1099; x_wconf 74' lang='lat' dir='ltr'>tractentur,</span> <span class='ocrx_word' id='word_1_60' title='bbox 515 1060 660 1105; x_wconf 83' lang='lat' dir='ltr'>quam</span> <span class='ocrx_word' id='word_1_61' title='bbox 689 1044 738 1088; x_wconf 90' lang='lat' dir='ltr'>in</span> <span class='ocrx_word' id='word_1_62' title='bbox 762 1045 836 1089; x_wconf 89' lang='lat' dir='ltr'>his</span> <span class='ocrx_word' id='word_1_63' title='bbox 858 1046 998 1090; x_wconf 89' lang='lat' dir='ltr'>terris</span> <span class='ocrx_word' id='word_1_64' title='bbox 1023 1045 1140 1091; x_wconf 91' lang='lat' dir='ltr'>etin</span> <span class='ocrx_word' id='word_1_65' title='bbox 1173 1045 1267 1090; x_wconf 89' lang='lat' dir='ltr'>hoc</span> <span class='ocrx_word' id='word_1_66' title='bbox 1303 1045 1574 1089; x_wconf 82' lang='lat' dir='ltr'>litterarum</span> <span class='ocrx_word' id='word_1_67' title='bbox 1607 1042 1679 1086; x_wconf 90' lang='lat' dir='ltr'>lu-</span> 
     </span>
     <span class='ocr_line' id='line_1_11' title="bbox 178 1137 1677 1202; baseline -0.002 -17"><span class='ocrx_word' id='word_1_68' title='bbox 178 1140 307 1186; x_wconf 84' lang='lat' dir='ltr'>mine</span> <span class='ocrx_word' id='word_1_69' title='bbox 354 1155 477 1201; x_wconf 84' lang='lat' dir='ltr'>opus</span> <span class='ocrx_word' id='word_1_70' title='bbox 524 1138 611 1194; x_wconf 76' lang='lat' dir='ltr'>sit,</span> <span class='ocrx_word' id='word_1_71' title='bbox 648 1139 819 1194; x_wconf 80' lang='lat' dir='ltr'>velim,</span> <span class='ocrx_word' id='word_1_72' title='bbox 858 1156 1062 1202; x_wconf 77' lang='lat' dir='ltr'>quaeso,</span> <span class='ocrx_word' id='word_1_73' title='bbox 1102 1140 1412 1194; x_wconf 77' lang='lat' dir='ltr'>memineris,</span> <span class='ocrx_word' id='word_1_74' title='bbox 1448 1155 1539 1184; x_wconf 91' lang='lat' dir='ltr'>nos</span> <span class='ocrx_word' id='word_1_75' title='bbox 1581 1137 1677 1182; x_wconf 89' lang='lat' dir='ltr'>hoc</span> 
     </span>
     <span class='ocr_line' id='line_1_12' title="bbox 180 1231 1677 1299; baseline -0.002 -20"><span class='ocrx_word' id='word_1_76' title='bbox 180 1249 376 1299; x_wconf 88' lang='lat' dir='ltr'>quoque</span> <span class='ocrx_word' id='word_1_77' title='bbox 423 1233 474 1278; x_wconf 88' lang='lat' dir='ltr'>in</span> <span class='ocrx_word' id='word_1_78' title='bbox 526 1234 745 1279; x_wconf 88' lang='lat' dir='ltr'>consiliis</span> <span class='ocrx_word' id='word_1_79' title='bbox 800 1234 1052 1290; x_wconf 76' lang='lat' dir='ltr'>habuisse,</span> <span class='ocrx_word' id='word_1_80' title='bbox 1107 1247 1160 1280; x_wconf 88' lang='lat' dir='ltr'>ut</span> <span class='ocrx_word' id='word_1_81' title='bbox 1206 1251 1327 1298; x_wconf 90' lang='lat' dir='ltr'>opus</span> <span class='ocrx_word' id='word_1_82' title='bbox 1371 1244 1591 1279; x_wconf 88' lang='lat' dir='ltr'>nostrum</span> <span class='ocrx_word' id='word_1_83' title='bbox 1626 1231 1677 1276; x_wconf 91' lang='lat' dir='ltr'>in</span> 
     </span>
     <span class='ocr_line' id='line_1_13' title="bbox 177 1329 1241 1391; baseline -0.003 -15"><span class='ocrx_word' id='word_1_84' title='bbox 177 1329 384 1376; x_wconf 86' lang='lat' dir='ltr'>Brasilia</span> <span class='ocrx_word' id='word_1_85' title='bbox 420 1345 613 1391; x_wconf 86' lang='lat' dir='ltr'>quoque</span> <span class='ocrx_word' id='word_1_86' title='bbox 652 1346 760 1374; x_wconf 87' lang='lat' dir='ltr'>cum</span> <span class='ocrx_word' id='word_1_87' title='bbox 794 1329 954 1375; x_wconf 84' lang='lat' dir='ltr'>fructu</span> <span class='ocrx_word' id='word_1_88' title='bbox 986 1329 1241 1391; x_wconf 80' lang='lat' dir='ltr'>legeretur.</span> 
     </span>
    </p>

    <p class='ocr_par' dir='ltr' id='par_1_4' title="bbox 182 1422 1681 1772">
     <span class='ocr_line' id='line_1_14' title="bbox 313 1422 1680 1485; baseline -0.001 -17"><span class='ocrx_word' id='word_1_89' title='bbox 313 1422 600 1468; x_wconf 81' lang='lat' dir='ltr'>Scriheham</span> <span class='ocrx_word' id='word_1_90' title='bbox 618 1424 863 1470; x_wconf 80' lang='lat' dir='ltr'>Monachii</span> <span class='ocrx_word' id='word_1_91' title='bbox 890 1424 940 1469; x_wconf 91' lang='lat' dir='ltr'>in</span> <span class='ocrx_word' id='word_1_92' title='bbox 974 1424 1171 1469; x_wconf 82' lang='lat' dir='ltr'>aedibus</span> <span class='ocrx_word' id='word_1_93' title='bbox 1211 1423 1533 1478; x_wconf 80' lang='lat' dir='ltr'><strong>academicis,</strong></span> <span class='ocrx_word' id='word_1_94' title='bbox 1571 1422 1680 1485; x_wconf 91' lang='lat' dir='ltr'>ipso</span> 
     </span>
     <span class='ocr_line' id='line_1_15' title="bbox 182 1517 1679 1582; baseline -0.003 -17"><span class='ocrx_word' id='word_1_95' title='bbox 182 1519 297 1565; x_wconf 82' lang='lat' dir='ltr'>anni</span> <span class='ocrx_word' id='word_1_96' title='bbox 316 1518 475 1564; x_wconf 87' lang='lat' dir='ltr'>nostri</span> <span class='ocrx_word' id='word_1_97' title='bbox 496 1518 786 1565; x_wconf 85' lang='lat' dir='ltr'>brevissimo</span> <span class='ocrx_word' id='word_1_98' title='bbox 814 1519 914 1574; x_wconf 79' lang='lat' dir='ltr'>die,</span> <span class='ocrx_word' id='word_1_99' title='bbox 954 1519 1036 1582; x_wconf 82' lang='lat' dir='ltr'>qui</span> <span class='ocrx_word' id='word_1_100' title='bbox 1063 1518 1192 1582; x_wconf 83' lang='lat' dir='ltr'>apud</span> <span class='ocrx_word' id='word_1_101' title='bbox 1222 1517 1542 1563; x_wconf 81' lang='lat' dir='ltr'>Brasilienses</span> <span class='ocrx_word' id='word_1_102' title='bbox 1571 1517 1679 1562; x_wconf 90' lang='lat' dir='ltr'>lon-</span> 
     </span>
     <span class='ocr_line' id='line_1_16' title="bbox 182 1611 1679 1678; baseline -0.001 -19"><span class='ocrx_word' id='word_1_103' title='bbox 182 1614 408 1678; x_wconf 83' lang='lat' dir='ltr'>gissimus</span> <span class='ocrx_word' id='word_1_104' title='bbox 441 1625 538 1669; x_wconf 83' lang='lat' dir='ltr'>est,</span> <span class='ocrx_word' id='word_1_105' title='bbox 581 1614 1053 1659; x_wconf 80' lang='lat' dir='ltr'>circumsonantibus</span> <span class='ocrx_word' id='word_1_106' title='bbox 1081 1612 1311 1676; x_wconf 84' lang='lat' dir='ltr'>procellis</span> <span class='ocrx_word' id='word_1_107' title='bbox 1337 1625 1385 1658; x_wconf 86' lang='lat' dir='ltr'>et</span> <span class='ocrx_word' id='word_1_108' title='bbox 1405 1612 1567 1676; x_wconf 77' lang='lat' dir='ltr'>pluvia</span> <span class='ocrx_word' id='word_1_109' title='bbox 1593 1611 1679 1657; x_wconf 91' lang='lat' dir='ltr'>ob-</span> 
     </span>
     <span class='ocr_line' id='line_1_17' title="bbox 184 1706 1681 1772; baseline 0 -18"><span class='ocrx_word' id='word_1_110' title='bbox 184 1720 456 1772; x_wconf 82' lang='lat' dir='ltr'>strepente,</span> <span class='ocrx_word' id='word_1_111' title='bbox 513 1708 626 1753; x_wconf 80' lang='lat' dir='ltr'>dum</span> <span class='ocrx_word' id='word_1_112' title='bbox 670 1707 771 1753; x_wconf 87' lang='lat' dir='ltr'>illic</span> <span class='ocrx_word' id='word_1_113' title='bbox 814 1709 1005 1771; x_wconf 84' lang='lat' dir='ltr'>Jupiter</span> <span class='ocrx_word' id='word_1_114' title='bbox 1057 1709 1188 1754; x_wconf 86' lang='lat' dir='ltr'>vultu</span> <span class='ocrx_word' id='word_1_115' title='bbox 1231 1724 1403 1753; x_wconf 88' lang='lat' dir='ltr'>sereno</span> <span class='ocrx_word' id='word_1_116' title='bbox 1439 1706 1681 1754; x_wconf 87' lang='lat' dir='ltr'>Tellurem</span> 
     </span>
    </p>
   </div>
   <div class='ocr_carea' id='block_1_3' title="bbox 185 1801 1683 1866">
    <p class='ocr_par' dir='ltr' id='par_1_5' title="bbox 185 1801 1683 1866">
     <span class='ocr_line' id='line_1_18' title="bbox 185 1801 1683 1866; baseline -0.004 -16"><span class='ocrx_word' id='word_1_117' title='bbox 185 1803 387 1850; x_wconf 86' lang='lat' dir='ltr'>floribus</span> <span class='ocrx_word' id='word_1_118' title='bbox 442 1802 763 1848; x_wconf 81' lang='lat' dir='ltr'>luxuriantem</span> <span class='ocrx_word' id='word_1_119' title='bbox 823 1815 871 1848; x_wconf 87' lang='lat' dir='ltr'>et</span> <span class='ocrx_word' id='word_1_120' title='bbox 924 1802 1162 1866; x_wconf 86' lang='lat' dir='ltr'>Zephyris</span> <span class='ocrx_word' id='word_1_121' title='bbox 1216 1801 1391 1846; x_wconf 90' lang='lat' dir='ltr'>leniter</span> <span class='ocrx_word' id='word_1_122' title='bbox 1453 1801 1683 1863; x_wconf 80' lang='lat' dir='ltr'>agitatam</span> 
     </span>
    </p>
   </div>
   <div class='ocr_carea' id='block_1_4' title="bbox 189 1895 1622 1965">
    <p class='ocr_par' dir='ltr' id='par_1_6' title="bbox 189 1895 1622 1965">
     <span class='ocr_line' id='line_1_19' title="bbox 189 1895 1622 1965; baseline -0.007 -18"><span class='ocrx_word' id='word_1_123' title='bbox 189 1898 567 1965; x_wconf 82' lang='lat' dir='ltr'>contemplatur:</span> <span class='ocrx_word' id='word_1_124' title='bbox 603 1897 695 1943; x_wconf 89' lang='lat' dir='ltr'>Die</span> <span class='ocrx_word' id='word_1_125' title='bbox 729 1899 835 1943; x_wconf 84' lang='lat' dir='ltr'>XXI</span> <span class='ocrx_word' id='word_1_126' title='bbox 866 1897 1153 1944; x_wconf 86' lang='lat' dir='ltr'>Decembris</span> <span class='ocrx_word' id='word_1_127' title='bbox 1189 1895 1622 1945; x_wconf 59' lang='lat' dir='ltr'>MDGCGXXVIII„</span> 
     </span>
    </p>
   </div>
   <div class='ocr_carea' id='block_1_5' title="bbox 823 2249 1680 2302">
    <p class='ocr_par' dir='ltr' id='par_1_7' title="bbox 823 2249 1680 2302">
     <span class='ocr_line' id='line_1_20' title="bbox 823 2249 1680 2302; baseline -0.004 -3"><span class='ocrx_word' id='word_1_128' title='bbox 823 2251 928 2302; x_wconf 85' lang='lat' dir='ltr'>Dr.</span> <span class='ocrx_word' id='word_1_129' title='bbox 973 2253 1031 2302; x_wconf 85' lang='lat' dir='ltr'>C.</span> <span class='ocrx_word' id='word_1_130' title='bbox 1077 2251 1125 2299; x_wconf 87' lang='lat' dir='ltr'>F.</span> <span class='ocrx_word' id='word_1_131' title='bbox 1174 2250 1268 2302; x_wconf 83' lang='lat' dir='ltr'>Ph.</span> <span class='ocrx_word' id='word_1_132' title='bbox 1311 2249 1375 2298; x_wconf 80' lang='lat' dir='ltr'>de</span> <span class='ocrx_word' id='word_1_133' title='bbox 1414 2250 1680 2298; x_wconf 77' lang='lat' dir='ltr'>Martius.</span> 
     </span>
    </p>
   </div>
  </div>
 </body>
</html>
