1788 3183
542 149 823 193 Gaium-15:313.
880 147 1104 199 PAmcunt.
1496 146 1582 189 221

69 273 161 312 basi
186 270 467 311 fasciculatim
501 270 545 308 in
579 269 765 309 ramulos
801 281 1047 307 racemosos
1085 263 1381 306 subssexuosos
1412 265 1585 319 capilla-

71 344 141 369 res
168 327 322 367 divisi.
355 340 537 380 quorum
570 326 722 364 ramuli
758 334 906 363 tenues
943 326 1088 375 1{—2
1120 322 1255 360 lineas
1289 331 1328 359 et
1356 321 1464 360 ultra
1490 323 1585 361 lon-

72 386 143 440 gi,
176 383 453 430 monusculi,
486 382 694 435 graciles,
735 378 980 419 bi-trissori
1005 379 1295 431 reperiuntur.
1354 378 1586 417 Paniculae

68 442 176 481 rami
212 437 316 478 cum
345 439 517 477 ramulis
565 451 694 490 saepe
726 436 903 489 pulchre
928 434 1209 487 amethystino
1246 433 1392 473 colore
1415 434 1587 487 tingun-v

69 506 153 536 tur.
232 496 431 547 Spiculae
483 493 775 547 magnitudine
822 492 1001 532 seminis
1047 490 1301 545 papaveriS‚
1361 489 1585 542 globosae,

68 553 265 607 glabrae,
296 551 484 595 virides,
518 551 582 588 vel
615 563 637 588 e
665 549 793 587 viridi
821 558 863 587 et
903 548 1092 588 violaceo
1131 547 1286 586 variae.
1345 547 1494 586 Gluma
1523 546 1585 585 in-

69 609 209 648 ferior
237 609 463 660 superiore
488 606 557 644 vix
584 605 764 644 dimidio
792 606 958 651 minor,
1004 602 1427 649 ovato—orbiculata,
1460 602 1586 642 obtu-

71 663 281 710 siuscula‚
329 662 556 706 trium-vis,
610 662 865 715 plerumque
907 661 1086 708 viridi„
1144 659 1343 712 superior
1379 657 1584 698 flosculos

70 734 280 775 aequans,
314 718 744 766 ovato-orbiculata,
777 717 900 770 apice
922 716 1167 762 rotundam,
1199 715 1426 768 rugulosa,
1459 715 1584 768 quin-

71 776 327 832 quenervis,
359 775 527 826 saepius
564 787 893 827 purpurascens.
953 772 1177 811 Flosculus
1207 771 1418 810 masculus
1447 771 1585 820 (forte

68 842 247 880 neuter,
280 846 373 870 nam
406 831 584 870 stamina
608 830 719 868 nulla
742 830 909 877 inveni)
932 827 1134 867 bivalvis:
1178 827 1340 867 valvula
1375 826 1586 866 inferiore

70 889 252 929 obovata
285 888 575 941 planiuscula,
619 886 741 938 apice
778 885 990 924 cucullato
1033 883 1329 931 obtusissima,
1379 883 1585 938 subquin-

68 944 278 1000 quenervi
302 944 356 983 ob
398 958 553 982 nervos
585 943 781 981 laterales
809 941 1054 988 tenuiores,
1086 940 1321 984 herbacea,
1352 940 1585 993 rugulosa3

67 1001 295 1054 superiore
323 1000 501 1038 dimidio
540 999 743 1038 breviore
777 999 958 1049 oblonga
995 996 1117 1048 apice
1157 996 1420 1050 emarginata
1453 1009 1585 1035 mem·

65 1058 288 1096 branacea.
351 1055 739 1106 Hermaphroditus
770 1052 974 1092 flosculus
1007 1061 1247 1093 structurae
1277 1052 1454 1097 solitae,
1488 1065 1588 1092 ova·

68 1125 135 1154 tus
154 1142 164 1159 ‚
197 1113 399 1158 obtusus,
431 1112 522 1150 basi
547 1125 696 1164 parum
719 1110 964 1164 angustior,
1011 1110 1141 1149 laevis
1162 1138 1172 1157 ,
1216 1110 1259 1147 in
1284 1109 1427 1148 fructu
1453 1108 1586 1148 lutes-

68 1169 183 1210 centi
197 1193 212 1199 -
229 1169 410 1207 albidus.

180 1237 359 1277 Habita!
396 1237 437 1275 in
478 1235 673 1275 Brasilia
714 1233 1010 1284 meridionali,
1058 1233 1274 1286 tSellow.)
1327 1241 1389 1286 24.
1462 1232 1588 1284 (Vidi

67 1295 109 1334 in
140 1293 272 1335 Herb.
302 1293 410 1345 Reg.
437 1292 586 1332 Rerol.
617 1300 656 1332 et
682 1292 724 1332 in
756 1291 998 1341 Triniano.)

181 1366 417 1407 Observ.
479 1365 633 1423 Quoad
665 1365 850 1419 spiculus
876 1363 1141 1403 simillimum
1167 1363 1251 1401 boc
1275 1370 1340 1401 est
1370 1360 1585 1401 Panico

69 1423 387 1477 parvisolio
418 1429 454 1463 β.
487 1423 563 1472 (cf,
598 1436 659 1475 sp.
693 1423 810 1475 ‹)4.),
843 1422 919 1460 sed
954 1419 1126 1459 differt:
1160 1420 1276 1458 foliis
1300 1419 1467 1457 strictis
1492 1417 1588 1459 lon-

69 1479 294 1534 gioiflibus,
327 1479 455 1531 ligula
489 1478 601 1518 ciliis
627 1481 790 1526 cincta,
825 1477 1019 1531 panicula
1054 1491 1140 1516 non
1173 1483 1341 1514 exserta
1365 1474 1499 1528 magis
1522 1487 1591 1513 ra-

69 1550 211 1581 mosa,
244 1536 420 1589 spiculis
445 1535 650 1588 globosis.

397 1649 455 1684 9⁴2-
504 1652 776 1682 PAN1CUM
822 1649 1206 1679 AURICOMUM.
1246 1639 1270 1681 †

184 1739 231 1776 P.
255 1737 450 1790 panicula
484 1737 678 1790 capillari
705 1734 894 1774 flexuosa
919 1734 1092 1788 glabra,
1144 1732 1273 1772 ramis
1310 1741 1428 1771 trans
1466 1729 1591 1770 basin

71 1792 245 1839 divisis,
279 1795 456 1846 spiculis
496 1794 696 1846 oblongis
727 1793 862 1831 acutis
901 1791 1077 1830 rostatis
1115 1789 1270 1835 hirtis,
1310 1790 1451 1842 gluma
1480 1787 1591 1826 inse-

70 1850 190 1889 riore
213 1849 391 1888 dimidia
420 1859 559 1894 acuta,
591 1847 776 1888 flosculo
809 1848 994 1886 masculo
1036 1845 1221 1893 bivalvi,
1264 1845 1405 1884 culmo
1443 1852 1593 1883 erecto

69 1919 240 1944 ramoso
283 1906 406 1945 nodis
452 1905 615 1959 vaginis
651 1904 855 1958 foliisque
908 1903 1099 1942 lineari·
1122 1901 1375 1940 acuminatis
1413 1899 1590 1953 glabris,

67 1961 136 2001 his
168 1975 355 2015 superne
380 1963 566 2015 glaucis,
606 1961 735 2015 ligula
760 1960 985 2000 rotundata
1012 1959 1061 1997 ad
1091 1958 1212 1996 basin
1239 1957 1353 1996 villis
1383 1957 1534 1996 cincta.

183 2033 355 2073 Culmus
385 2034 559 2073 circiter
593 2031 780 2084 pedalis,
824 2029 1105 2084 pergmcilis,
1138 2039 1279 2075 teres,
1312 2028 1469 2074 laevis,
1505 2027 1593 2080 gla-

69 2089 173 2136 ber,
219 2089 310 2128 basi
347 2099 388 2128 et
427 2091 548 2141 apice
585 2088 791 2140 simplex,
844 2088 886 2125 in
924 2086 1065 2126 medio
1098 2099 1315 2131 ramosu5‚
1362 2085 1491 2123 ramis
1521 2099 1594 2136 ap·

69 2145 234 2196 pressis
270 2145 401 2184 dense
432 2145 627 2193 foliosis3
675 2144 778 2183 nodi
816 2144 962 2195 plures
1002 2142 1197 2196 angusti,
1244 2141 1411 2194 glabri,
1462 2139 1587 2178 susci.

70 2201 263 2255 Vaginae
290 2211 459 2248 arctae,
504 2201 943 2253 compressiuseutae,
989 2200 1192 2246 striatae,
1236 2198 1435 2250 glabrae,
1482 2195 1593 2235 infe-

68 2257 209 2297 riores
239 2258 498 2297 internodiis
534 2257 786 2303 breviores,
834 2256 1029 2310 reliquae
1058 2253 1293 2294 eorundem
1318 2252 1593 2306 longitudine

68 2313 138 2353 vel
162 2314 290 2365 paulo
314 2314 552 2367 longiores
611 2314 779 2365 Vagina
804 2312 946 2350 infima
971 2311 1222 2358 lanceolata,
1255 2309 1418 2362 aphylla
1439 2321 1450 2358 3
1483 2321 1594 2361 quae

68 2370 292 2424 sequitur,
324 2370 414 2409 abit
438 2371 481 2408 in
522 2369 717 2409 foliolum
754 2369 963 2406 minutum
990 2366 1255 2416 subulatum3
1288 2366 1455 2419 reliqua
1487 2364 1592 2403 stlta

65 2424 341 2478 longitudine
382 2426 644 2472 crescentia,
703 2424 754 2463 ad
789 2424 968 2463 duorum
1005 2423 1214 2476 pollicum
1255 2420 1590 2474 longitudinem,

68 2481 393 2535 angustissima,
425 2482 637 2534 patentia,
672 2480 987 2526 strictiuscula,
1021 2478 1471 2522 lineari—acuminata,
1506 2475 1593 2528 gla-

67 2536 172 2585 bra,
207 2536 378 2583 striata,
412 2551 538 2590 supra
564 2537 907 2590 glaucescentia,
943 2535 1089 2574 subtus
1119 2533 1300 2579 viridia,
1332 2532 1425 2572 basi
1455 2533 1589 2570 utrin-

67 2605 153 2647 que
184 2592 284 2645 pilis
314 2592 421 2631 albis
440 2592 629 2631 barbata.
691 2592 844 2646 Ligula
867 2591 1037 2636 brevis,
1070 2590 1322 2636 rotundam,
1354 2589 1590 2635 lutescens,

65 2649 119 2688 ad
144 2648 265 2688 basin
286 2649 399 2688 villis
422 2648 564 2703 longis
587 2648 693 2688 albis
720 2649 873 2688 cincta.
931 2647 1136 2687 Panicula
1166 2646 1208 2684 in
1238 2645 1360 2684 caule
1385 2644 1589 2683 termina·

65 2703 149 2752 lis,
193 2705 432 2759 (ramorum
468 2704 631 2755 nulla),
674 2705 766 2743 basi
805 2703 956 2756 vagina
992 2703 1090 2743 folii
1124 2702 1314 2754 supremi
1351 2701 1593 2740 circumvo-

65 2760 179 2805 luta,
211 2761 433 2814 pollicaris
469 2769 511 2799 et
540 2760 935 2815 sesquipollica1·i5‚
968 2759 1012 2798 in
1043 2759 1228 2804 nostris,
1263 2770 1371 2810 quae
1403 2757 1592 2796 nondum

68 2814 382 2867 effloruerant,
405 2825 638 2864 ,contracta
656 2846 668 2866 ‚
700 2816 909 2870 oblonga,
958 2814 1104 2854 rhachi
1133 2814 1348 2868 ramisque
1377 2812 1595 2865 capillari-

67 2869 148 2912 bus
185 2871 392 2914 flexuosis
425 2887 576 2928 parum
611 2872 774 2914 scabris
807 2871 919 2913 laete
943 2869 1064 2915 ssavis
1083 2900 1094 2920 ,
1125 2869 1301 2910 ramulis
1330 2868 1590 2924 lsi-quadri·
