1788 3183
142 254 263 316 Quae
293 265 434 301 mora,
465 265 614 292 mense
643 261 775 308 quoto
807 251 907 293 faloi
937 253 1171 294 maturuit?
1216 254 1326 295 Illud

141 325 277 371 Usus,
308 333 351 364 et
381 324 475 377 ipsa
505 325 606 364 satis
637 323 763 364 docet
793 323 1060 378 experientia
1089 338 1258 364 rerum:

140 394 245 432 Nam
276 408 417 449 neque
447 395 656 435 Brasiliae
687 398 879 446 (tantum
909 395 1056 448 patet)
1087 409 1194 435 unus
1223 394 1385 450 ubique

139 463 267 504 Veris
298 465 406 513 erit,
438 466 667 506 brumaeve
698 475 844 505 tenor:
875 465 979 520 quin
1009 465 1177 518 dispare
1209 466 1331 507 eoelo

137 534 316 574 Aestuat
345 535 441 584 hic,
474 537 575 576 alibi
605 536 788 576 brumali
817 536 983 589 frigore
1011 546 1170 590 torpet.

136 605 313 644 Frustra
344 607 429 646 erit
458 607 532 646 ille
563 607 686 647 labor
716 616 883 661 tempus
914 608 1214 660 praescribere
1246 614 1411 647 certum

137 675 378 728 Ag1·icolis‚
408 678 596 718 variante
626 678 745 718 solo:
777 688 918 718 tamen
947 678 1077 716 ardua
1109 677 1244 731 siquis

136 747 266 785 Forte
308 747 533 787 Bahiensis
572 748 814 802 proscindis
857 748 1040 787 culmina
1079 747 1259 794 montis,

139 817 318 869 Suspice
349 818 593 870 Phryxaeae
622 819 803 873 pecudis
833 831 929 858 cum
959 818 1118 859 vellera
1148 816 1350 857 Phoebus

139 888 379 934 Presserit‚
422 889 602 942 incipiet
644 903 797 929 cannas
839 890 918 928 tibi
959 897 1125 941 tempus
1168 887 1385 930 humandi.

139 959 255 1012 Urge
287 973 421 1012 opus,
466 961 641 1000 Ebalios
671 960 871 1001 Phoebus
902 959 1040 1014 quoad
1072 960 1164 1013 ipse
1194 958 1400 1012 gemellos

134 1030 292 1069 Invisat
322 1029 491 1070 fratres.
549 1032 712 1071 Humili
744 1032 809 1070 sin
838 1032 949 1071 valle
980 1030 1175 1077 laboras,

134 1100 248 1140 Idem
281 1101 400 1154 signa
429 1102 573 1150 dabit,
615 1102 796 1156 geminis
827 1115 923 1142 cum
953 1102 1145 1142 lancibus
1175 1100 1303 1140 horas

131 1171 373 1211 Ponderat:
417 1172 624 1220 absis-tes,
674 1174 812 1226 Capro
858 1186 954 1212 cum
992 1173 1213 1226 proximus
1257 1171 1350 1210 ibit.

131 1247 278 1283 Annua
309 1244 533 1282 crescendi
564 1244 697 1284 fuerit
727 1258 843 1284 mora
873 1244 1007 1296 justa,
1040 1256 1249 1297 suumque

129 1316 276 1355 Robur
303 1315 471 1362 habet‚·
494 1315 676 1367 spatium
705 1315 788 1355 hoc
820 1305 892 1354 ubi
923 1315 1085 1355 arundo
1116 1311 1352 1367 peregerit.
1411 1313 1466 1352 At
1495 1322 1538 1350 tu

129 1388 265 1426 Parce
297 1395 466 1433 tamen,
497 1385 718 1439 falcesque
750 1386 922 1434 inhibe,
953 1398 1034 1425 nec
1064 1394 1260 1438 tempora
1290 1382 1441 1422 messis

129 1457 680 1511 Praecipithuamquam
711 1457 919 1496 instantes
950 1469 1126 1496 vereare
1157 1453 1376 1501 calendas,

127 1530 267 1583 Atque
298 1528 349 1567 ad
379 1527 618 1566 condictam
649 1527 904 1582 numeranda
934 1528 1114 1580 pecunia
1141 1527 1282 1565 lucem

127 1601 306 1653 Urgeat:
340 1608 381 1638 et
412 1599 599 1652 quamvis
626 1599 669 1637 in
697 1598 763 1651 jus
792 1599 983 1652 rapiare,
1011 1597 1180 1639 vadenti

125 1670 205 1712 Vel
239 1669 424 1723 prudens
455 1669 627 1708 innecte
658 1684 820 1709 moram
852 1679 896 1709 et
924 1663 1164 1709 vadimonia
1194 1664 1348 1714 differ,

123 1741 203 1782 Vel
232 1741 345 1780 bene
375 1749 613 1780 nummatus
642 1754 722 1794 pro
752 1749 796 1780 te
827 1740 1078 1781 submittere
1107 1740 1314 1795 praedes,

128 1813 300 1875 Quique
331 1809 414 1850 fide
443 1811 638 1864 jubeant,
669 1824 820 1851 eures:
851 1812 918 1852 vel
948 1812 1119 1852 sedulus
1148 1825 1270 1860 aera,

122 1887 177 1924 Ut
210 1891 335 1936 potes
353 1910 363 1929 ‚
395 1882 581 1932 extrica,
613 1894 904 1936 conrasosque
932 1884 1120 1938 undique
1149 1895 1345 1922 nummos

120 1957 205 1995 Fac
232 1967 426 2007 promas,
471 1967 576 2008 quos
613 1952 769 1993 deinde
799 1968 876 1994 suo
906 1967 1003 1994 cum
1031 1954 1214 1994 foenore
1243 1951 1424 1998 reddam

121 2027 185 2065 Ne
214 2023 437 2064 festinanti
467 2032 658 2078 segetem
687 2038 966 2078 corrumpere
994 2025 1114 2065 ferro
1174 2022 1179 2027 ἃ

117 2095 320 2149 Cogaris,
347 2094 602 2150 jugulesque
630 2095 730 2136 novi
760 2095 869 2135 male
898 2096 1104 2150 providus
1134 2094 1249 2137 anni.

119 2167 246 2219 Spem
279 2174 453 2206 temere.
513 2166 644 2206 Senio
676 2162 884 2206 dulcescit
912 2179 1071 2215 canna,
1101 2166 1295 2221 priorem

117 2239 349 2290 Postquam
379 2250 549 2276 emensa
578 2237 659 2276 alio
690 2237 815 2290 plene
844 2238 1049 2277 maturuit
1079 2251 1201 2277 anno.

225 2307 326 2349 Vidi
356 2306 557 2360 equid-em
585 2307 629 2345 in
659 2320 811 2347 cannas
841 2308 960 2349 nullo
989 2307 1240 2348 discrimine
1269 2304 1432 2345 ferrum

115 2377 356 2431 Distringi‚
389 2385 514 2431 atque
543 2391 628 2417 uno
656 2377 789 2417 veluti
819 2379 1028 2419 cecidisse
1058 2378 1134 2417 sub
1164 2377 1250 2417 ictu

111 2450 326 2502 Integrum
357 2462 529 2496 nemus,
561 2449 753 2502 integros
781 2449 1031 2502 popularier
1059 2463 1209 2503 agros,

114 2521 201 2559 Seu
241 2532 364 2573 seges
404 2518 567 2571 impubi
606 2519 678 2558 vix
716 2518 814 2558 dum
842 2519 1142 2573 juvenesceret
1170 2531 1298 2565 aevo,

113 2593 200 2631 Seu
227 2599 327 2629 natu
355 2588 489 2642 major
506 2618 516 2638 ‚
548 2589 761 2644 multaque
791 2590 964 2632 incurva
993 2598 1194 2639 senecta,

110 2660 326 2700 Saevitum
355 2673 407 2700 ex
444 2673 586 2714 aequo>
623 2668 712 2709 est,
751 2661 942 2716 nullique
981 2659 1204 2716 perpercit
1242 2671 1367 2699 avara

110 2734 311 2772 Dextera.
368 2729 639 2770 Lethiferam
662 2731 796 2784 qual-is
825 2732 1055 2772 temeraria
1082 2730 1238 2770 falcem

109 2805 226 2843 Mors
259 2801 422 2852 vibrat,
454 2810 497 2843 et
526 2814 655 2844 caeco
682 2802 804 2843 metit
833 2802 958 2847 obvia
988 2815 1182 2859 quaeque
1213 2808 1353 2842 rotatu

1566 141 1648 183 583
