1788 3183
203 150 284 191 120
670 153 957 216 GnAnunun.
1017 155 1233 194 Panicum.

209 267 376 308 biani.
436 269 471 309 Ε
512 269 612 310 Java
655 271 791 311 insula
841 273 958 313 misit
996 274 1157 314 clariss.
1198 273 1412 324 nlum03
1451 285 1475 313 e
1523 272 1712 323 Guahan,

214 325 350 362 insula
377 325 590 374 Mariana,
636 343 655 366 a
684 328 967 368 (jhamisso
1002 330 1158 375 (Hm-b.
1197 330 1382 380 Trin.).
1450 330 1714 368 Panicum

216 381 636 429 tetrastichurn,
691 384 772 423 lide
817 385 1066 437 speciminis
1098 386 1141 424 in
1186 386 1402 425 Ilcrbario
1441 384 1715 437 Agardhii

216 437 439 483 asservati,
498 439 613 491 quod
657 440 793 491 ipsius
831 449 895 479 est
929 442 1252 488 Fors-honi,
1299 442 1341 480 in
1384 442 1577 493 Aegypto
1631 441 1719 479 lec-

217 500 328 542 tum,
369 492 542 533 omnino
585 494 731 533 eadum
768 505 833 535 est
868 497 1008 549 planta
1045 511 1092 535 ao
1124 506 1316 536 nostrum
1346 497 1601 535 Panicum
1634 508 1720 535 co·

214 548 395 586 Ionum
439 551 748 598 americanum,
790 565 871 590 nce
913 552 997 591 nisi
1029 553 1263 605 exiguitate
1294 552 1471 606 quadam
1503 551 1629 591 culmi
1660 562 1721 590 at-

219 617 300 658 quo
343 604 473 654 spicis
513 607 647 658 magis
687 608 994 659 approximatis
1038 608 1209 655 differt,
1262 622 1369 662 quae
1411 617 1455 647 et
1497 608 1539 646 in
1580 608 1721 660 planta

218 659 313 698 solo
345 659 465 699 arido
498 662 610 702 culta
642 662 974 704 observavimus.
1034 666 1080 703 In
1113 666 1230 704 Nova
1261 663 1489 704 Hollandia
1527 663 1633 718 legit
1667 661 1724 704 cl·

214 717 266 754 R.
297 717 466 754 Brown.

247 841 260 879 l
329 786 524 843 Quatuor
558 783 690 837 igitur
727 784 845 827 orbis
885 797 1095 829 terrarum
1131 790 1314 844 partium
1348 790 1489 831 incola
1521 797 1589 829 est
1616 788 1723 828 haec

216 856 243 894 p
265 850 375 884 anta.

330 927 366 966 A
381 926 443 966 dn
459 940 484 967 o
497 935 527 967 t.
588 928 622 967 A
654 929 688 968 P
703 943 723 968 a
737 943 762 967 n
777 929 790 968 i
804 944 825 970 c
841 945 865 971 o
897 930 978 973 col
993 945 1016 972 o
1031 946 1058 970 n
1072 945 1097 972 o
1140 940 1262 971 caute
1303 929 1602 986 distinguenda
1617 938 1725 977 sunt,

219 996 328 1038 quae
356 991 619 1037 sequuntur:

331 1053 591 1093 Panicum
639 1056 853 1109 pseudo
876 1084 892 1092 ·
916 1059 1174 1100 colonum
1227 1056 1405 1099 Roth.:
1455 1057 1572 1110 spica
1611 1068 1727 1095 com-

222 1109 389 1161 posita,
424 1110 556 1161 spicis
594 1112 846 1163 partialibus
884 1115 1080 1165 5—0nis
1124 1114 1300 1154 alternis
1342 1112 1598 1153 distantibus
1627 1110 1728 1150 bre-

220 1165 334 1205 viter
354 1165 622 1217 pedicellatis
650 1167 742 1206 basi
769 1168 1014 1220 (omnibus,
1046 1171 1113 1211 vel
1147 1169 1428 1210 inferioribus
1452 1166 1621 1216 saltem)
1659 1180 1727 1205 se·

223 1220 401 1269 tmesis,
432 1221 581 1261 rhachi
611 1225 824 1264 communi
854 1226 998 1279 glabra
1017 1255 1027 1274 ‚
1069 1227 1245 1279 spiculis
1285 1224 1557 1281 quadrifariis
1592 1222 1728 1262 ovatis

223 1276 484 1316 ventricosis
502 1306 513 1326 ‚
555 1278 709 1329 glumis
737 1281 972 1334 cuspidatis
1000 1282 1218 1336 strigosis‚
1263 1281 1488 1335 superiore
1519 1279 1729 1333 quinque·

222 1333 539 1384 septemnervi‚
592 1332 773 1375 ssosoulo
819 1346 973 1378 neutro
999 1338 1156 1379 bivalvi
1174 1367 1184 1386 ,
1216 1337 1379 1378 valvula
1407 1336 1614 1375 inferiore
1639 1348 1729 1372 mu·

224 1397 423 1445 eronata,
455 1389 596 1429 culmo
632 1391 725 1430 basi
750 1407 917 1435 ramoso
944 1403 1072 1450 atque
1112 1402 1292 1448 repento
1320 1393 1526 1448 foliisque
1555 1389 1730 1430 lineari-

224 1443 302 1482 hus
331 1444 541 1497 elongatis
560 1445 736 1500 glabris.

337 1514 545 1554 Panicum
584 1518 1021 1569 pseudo-colonum,
1063 1518 1195 1560 Roth.
1242 1518 1353 1558 Νου.
1419 1515 1447 1558 Ζ.
1486 1531 1548 1570 sp.
1582 1529 1629 1570 ρ.
1661 1521 1726 1566 47-

390 1568 449 1610 R.
477 1577 518 1609 et
540 1569 637 1611 Sclz.
670 1571 715 1614 S.
747 1574 794 1614 V.
823 1573 886 1615 II.
922 1590 968 1629 ρ.
1007 1582 1102 1626 424.
1149 1573 1301 1616 Mant.
1334 1572 1363 1613 I
1388 1603 1397 1612 .
1419 1587 1463 1627 p.
1502 1573 1596 1615 225.
1631 1567 1730 1625 Spr-

391 1623 434 1666 S.
475 1625 523 1667 V.
555 1627 592 1667 I.
615 1643 662 1683 ρ.
692 1628 788 1684 309.
815 1646 858 1671 n.
888 1630 956 1672 30.

338 1693 452 1736 Hah.
485 1697 529 1737 in
563 1697 692 1738 India
724 1700 939 1741 orientali.
976 1699 1189 1755 (Heyne.)
1246 1698 1288 1740 E
1309 1699 1421 1740 ,Ιαυα
1444 1696 1587 1739 insula
1618 1695 1732 1736 misit

226 1747 283 1788 cl.
308 1747 486 1801 Blame,
509 1778 565 1785 —-
594 1756 653 1795 acl
668 1755 830 1797 slffonte
858 1757 985 1798 Video
1013 1758 1088 1810 (an
1117 1756 1280 1798 cultum
1294 1754 1334 1807 ?)
1365 1755 1468 1810 legit
1488 1753 1663 1794 Sellow.
1681 1757 1731 1805 Θ

230 1803 380 1856 (Herb.
414 1807 525 1863 Reg.
556 1809 732 1865 Berol.)

343 1891 579 1938 observ.
638 1898 674 1938 A
714 1899 926 1940 Panico
968 1898 1168 1939 colono
1216 1899 1289 1939 vix
1330 1896 1480 1937 differt
1518 1895 1604 1936 nisi
1647 1893 1735 1949 spi-

233 1945 297 1987 cis
328 1950 580 2000 partialibus
613 1953 706 1993 basi
743 1955 868 1995 nudis
895 1955 1048 1994 setosis
1077 1954 1284 2009 foliisque
1313 1952 1583 2006 longioribus
1603 1960 1647 1992 et
1665 1964 1738 1991 an-

231 2005 496 2055 gustioribus
515 2037 525 2057 ,
556 2018 604 2049 ut
633 2011 789 2051 merito
814 2012 928 2051 forte
954 2010 1045 2064 ejus
1071 2011 1254 2052 varietas
1282 2010 1573 2065 praedicetur.

347 2092 610 2133 Panicum
639 2095 1086 2136 frumentaceum
1118 2095 1309 2136 Roxb.:
1341 2094 1458 2147 spica
1482 2092 1735 2147 composita,

233 2145 367 2198 epicis
396 2150 646 2200 partialibus
685 2153 880 2205 pluribus
917 2153 1092 2192 alternis
1122 2151 1609 2204 appresso—imbricatis
1639 2148 1737 2188 sub-

236 2204 428 2244 recurvis
457 2207 678 2247 sessilibus
703 2208 794 2247 basi
819 2209 994 2257 setosis,
1035 2208 1183 2247 rhachi
1213 2208 1425 2247 communi
1450 2207 1617 2260 glabra,
1650 2204 1736 2257 spi-

235 2258 345 2297 culis
374 2261 646 2313 quadrisariis
678 2265 840 2312 ovatis,
873 2264 1027 2318 glumis
1063 2265 1232 2318 longius
1265 2263 1497 2317 cuspidatis
1524 2260 1736 2315 strigosis‚

234 2314 461 2366 superiore
499 2319 814 2373 quinquenervi
834 2322 999 2361 minore
1032 2320 1347 2373 amplectente,
1378 2318 1556 2358 flosculo
1580 2324 1735 2355 neutro

238 2368 397 2411 bivalvi
426 2374 588 2415 valvula
622 2376 834 2416 inferiore
876 2385 1367 2422 semem-mucronata,
1416 2375 1556 2413 culmo
1589 2380 1737 2412 erecto

238 2426 390 2467 stricto
433 2430 682 2471 subramoso
721 2432 926 2488 foliisque
969 2430 1487 2473 lanceolam-linearibus
1526 2427 1737 2483 elongatis

234 2484 486 2539 vaginisque
522 2487 696 2541 glabris.
1089 2510 1094 2511 ⁷

347 2571 552 2612 Panicum
592 2572 957 2622 frumentaceum‚
1006 2571 1150 2612 Roxh.
1201 2568 1267 2610 H.
1310 2569 1409 2610 Ind.
1454 2569 1522 2611 ed.
1561 2567 1658 2608 Car.
1698 2574 1738 2606 et

412 2627 551 2669 lsVall.
584 2627 620 2669 I.
651 2643 696 2682 p.
735 2629 829 2681 307.
873 2628 1038 2668 Sclzult.
1077 2626 1232 2668 Mant.
1266 2626 1327 2669 II.
1362 2642 1408 2680 p.
1437 2626 1532 2666 230.
1560 2622 1655 2678 Spr.
1693 2620 1736 2663 S.

410 2683 456 2722 V.
486 2683 521 2726 I.
544 2699 590 2738 ρ.
619 2683 718 2726 312.
741 2699 784 2724 ιι.
817 2686 885 2734 64.

352 2766 461 2809 Hah.
505 2771 548 2810 in
585 2769 712 2809 India
740 2768 960 2810 orientali.
1018 2769 1065 2810 A
1096 2767 1384 2823 Rozbzzrglzio
1417 2780 1503 2806 non
1534 2764 1615 2805 nisi
1648 2762 1739 2802 cul-

243 2831 332 2863 tum
361 2826 512 2867 visum.
547 2831 595 2878 Θ
640 2826 765 2878 (Vidi
794 2827 834 2867 in
877 2824 1010 2867 Her-b.
1050 2824 1106 2868 cl.
1139 2824 1277 2865 Trinie.
1315 2823 1524 2879 specimen
1563 2820 1618 2860 ab
1652 2820 1741 2873 ipso

241 2879 527 2938 Roxhurglzio
555 2883 766 2937 missum.)
