1788 3183
503 153 790 194 Guammuass.
850 155 1070 194 Pimctm.
1481 161 1565 202 225

53 281 237 328 quatuor
260 272 394 312 lineas
433 272 514 312 lata
550 283 593 312 et
628 275 973 328 amplexicaulia,
1029 274 1169 330 qualia
1204 275 1354 316 eadem
1400 276 1565 317 descri-

48 329 155 368 bunt
183 328 236 368 cl.
267 328 423 368 Humb.
457 339 500 368 et
539 330 694 382 Bonpl.
757 332 843 371 Sed
875 332 918 371 in
945 330 1013 371 his
1046 331 1244 372 omnibus
1280 334 1441 373 culmus
1470 333 1564 373 basi

50 398 235 439 repens,
265 385 387 438 apice
416 385 677 424 adscendens
699 415 709 431 ,
741 387 962 443 magisque
985 387 1052 427 vel
1080 388 1219 427 minus
1244 403 1450 428 ramosus.

160 470 200 498 γ.
233 456 371 495 culmo
398 455 610 508 elongato,
650 455 899 498 dichotomo
918 458 1263 506 —ramosissimo‚
1309 458 1429 498 foliis
1459 459 1566 499 totis

47 510 142 551 fere
176 511 358 565 glabris,
402 511 538 548 rarius
567 511 713 550 subtus
744 514 1023 565 pubescentia
1053 528 1197 566 sparsa
1226 515 1412 562 vestitis,
1445 515 1564 569 vagi-

47 566 116 606 nis
141 580 218 606 ore
241 567 553 620 paniculaeque
589 567 728 606 axillis
771 568 975 609 distincte
1009 570 1226 618 barbatis,
1269 570 1481 624 paniculis
1518 572 1565 610 in

45 622 176 662 ramis
198 621 495 662 terminalibus
529 637 680 676 parum
705 626 887 665 exsertis
909 626 1049 665 minus
1076 626 1347 679 patentibus,
1381 626 1561 682 spiculis

48 686 234 719 saturate
257 677 482 719 viridibus.

158 762 199 792 γ.
236 764 269 787 ι.
301 748 521 803 glaucum,
553 750 778 803 paniculae
808 750 939 791 ramis
971 751 1246 792 tenuioribus
1277 753 1452 808 glabris.

68 873 107 914 ‘b
156 833 195 862 γ.
227 832 264 859 2.
295 820 539 868 virescens,
583 820 806 873 paniculae
842 822 972 861 ramis
1014 822 1292 864 validioribus
1322 824 1564 879 pubescen-

46 883 79 914 t1
112 888 175 914 us.

156 942 339 984 Habitat
368 959 461 983 var.
491 960 528 984 α.
569 952 609 984 et
642 951 676 984 Β.
706 945 949 998 promiscue
990 947 1032 987 in
1073 949 1277 988 montosis
1312 949 1565 989 editioribus

46 998 237 1053 locisque
252 1000 410 1055 apricis
427 1001 541 1039 inter
564 1001 672 1041 silla
698 1001 806 1041 Hica
821 1009 861 1042 et
884 1000 1044 1050 Tejzzco
1063 1005 1317 1058 prouinciae
1331 1005 1565 1046 Alffinarzzm

46 1057 314 1107 generalium
347 1056 393 1108 (a
433 1055 576 1096 sslart.
605 1073 629 1096 (ι
661 1054 949 1113 Lcengss2071ffi
974 1057 1106 1099 Herb.
1134 1057 1220 1100 „Aa
1248 1061 1358 1115 Imp.
1386 1061 1564 1115 Petrop.

52 1119 93 1151 et
115 1110 257 1164 Trin.)
327 1117 421 1153 Far.
451 1130 487 1153 οι.
515 1128 537 1152 e
564 1111 757 1152 Brasilia
783 1114 923 1154 allata
962 1123 1086 1155 extat
1119 1116 1162 1156 in
1206 1116 1337 1157 Ilerb.
1379 1116 1564 1158 Wllde-

45 1169 279 1220 nowia1103
326 1168 503 1207 eandem
547 1168 588 1208 in
635 1169 830 1209 Brasilia
883 1170 988 1221 legit
1040 1170 1214 1213 Sellow.
1264 1172 1415 1221 [Herh.
1453 1173 1567 1224 Reg.

48 1222 218 1273 Berol.)
248 1247 303 1254 —
343 1224 598 1265 [serietatem
624 1233 661 1264 2.
699 1228 906 1274 majorem
939 1243 961 1267 e
983 1227 1144 1268 Illonte
1182 1229 1305 1269 [ideo
1335 1229 1448 1268 misit
1475 1227 1570 1268 Sel-

49 1280 202 1320 loeins.
263 1280 385 1330 (fidi
421 1281 462 1320 in
496 1279 628 1321 Herb.
666 1281 771 1337 Paeg.
802 1282 975 1334 Berol.)
1046 1288 1139 1325 Var.
1175 1301 1213 1328 γ.
1252 1285 1295 1324 in
1322 1284 1565 1339 *paludibus

49 1336 108 1375 ad
111 1333 288 1388 flamen
306 1335 507 1376 silucnri‘
532 1337 694 1376 incenit
721 1335 810 1379 Ser.
830 1339 1032 1393 princeps
1054 1338 1420 1389 Ilslaximiliwas,
1452 1340 1568 1380 Νεο-

50 1392 264 1443 vidensis5
306 1397 399 1433 f‘ar.
426 1411 486 1440 aa,
512 1408 537 1431 a
565 1394 751 1434 Sella-vio
779 1396 820 1435 in
845 1395 1006 1435 rilonte
1047 1396 1169 1437 Video
1197 1396 1376 1448 lectam,
1409 1396 1496 1437 vidi
1522 1397 1566 1437 in

49 1447 180 1489 Herb.
206 1447 315 1504 Reg.
347 1447 496 1491 Berol.
539 1456 602 1501 21..

161 1520 390 1561 Observ.
433 1524 463 1561 Ι.
525 1522 775 1575 Congruunt
812 1522 890 1562 hae
921 1523 1151 1564 varietates
1192 1525 1306 1564 notis
1342 1525 1565 1580 plerisque

51 1584 94 1615 et
118 1577 400 1630 gravioribus.
463 1580 585 1616 Rami
612 1578 832 1631 paniculae
859 1580 1043 1619 solitarii
1071 1589 1113 1619 et
1148 1582 1298 1619 ramuli
1322 1580 1564 1632 filiformes,

48 1630 254 1679 flexuosi,
285 1632 377 1671 basi
405 1647 552 1685 parum
587 1634 778 1679 bat-bati,
826 1636 963 1673 rarius
997 1636 1123 1688 paulo
1156 1636 1366 1676 fortiores
1409 1647 1452 1677 et
1486 1638 1569 1678 toti

48 1688 347 1741 pubescentes.
394 1689 592 1740 Spiculae
624 1690 808 1743 pallide·
843 1693 907 1729 vel
930 1691 1375 1740 fusco—virescentes,
1402 1694 1567 1747 magni-

53 1744 202 1783 tudine
242 1758 387 1784 semen
415 1747 638 1797 papaveris
683 1747 902 1798 aliquanto
936 1747 1190 1795 excedente,
1237 1750 1492 1804 quandoque
1523 1758 1568 1790 et

50 1809 424 1853 purpurascentes.
497 1802 646 1840 Gluma
688 1803 871 1841 inferior
912 1812 1056 1851 ovata,
1111 1804 1261 1843 obtusa
1281 1833 1291 1851 ,
1347 1805 1567 1853 trinervis,

53 1857 321 1910 longitudine
350 1856 554 1895 dimidiae
589 1858 804 1908 spiculae3
848 1859 1048 1912 superior
1083 1860 1236 1913 gibba,
1279 1861 1568 1901 ovato-orbi-

55 1912 215 1961 culata,
247 1913 495 1962 rotundata,
528 1913 893 1968 quinquenervis,
935 1915 978 1953 in
999 1916 1206 1955 varietate
1236 1932 1272 1958 ν.
1309 1917 1567 1970 praesertim

51 1967 94 2006 in
120 1968 249 2008 altera
273 1968 362 2019 ejus
384 1968 520 2007 forma
539 1970 596 2018 (ν.
622 1982 658 2007 2.
674 1971 998 2021 septemnervis‚
1025 1972 1168 2010 nervis
1191 1986 1319 2025 saepe
1347 1972 1566 2013 coloratis.

48 2024 238 2064 Flosculi
275 2025 451 2064 masculi
490 2025 653 2065 valvula
687 2025 870 2065 inferior
910 2026 1077 2079 glumae
1121 2029 1338 2082 superiori
1395 2029 1563 2077 similis,
1596 2040 1598 2042 “

51 2079 393 2136 quinquenervis
419 2081 481 2130 (in
505 2096 543 2124 γ.
571 2094 609 2119 2.
639 2083 998 2132 septemnervis);
1024 2086 1222 2135 superior
1243 2084 1372 2136 duplo
1407 2085 1564 2133 minor,

50 2135 298 2176 lanceolata.
373 2137 602 2189 Caryopsis
640 2138 1164 2190 elliptico-subrotunda',
1208 2141 1475 2189 laevissima,
1519 2142 1565 2180 in

50 2206 137 2233 var.
160 2208 198 2231 a.
232 2194 405 2241 obtusa,
440 2193 531 2232 alba
554 2194 621 2232 vel
645 2193 886 2241 lutescens,
918 2195 963 2233 in
985 2209 1071 2235 var.
1095 2203 1131 2235 13.
1153 2206 1272 2236 acuta
1300 2207 1341 2236 et
1362 2197 1535 2250 pallida,

162 2263 395 2304 Observ.
445 2266 497 2305 Π.
569 2265 833 2303 Panicum
897 2265 1330 2306 chamaelonche
1391 2267 1561 2308 Herb.

50 2318 235 2368 Trim,
267 2334 317 2359 ex
348 2322 546 2359 America
579 2320 745 2359 boreali
774 2321 824 2359 ab
854 2322 1090 2362 Enslino
1122 2324 1328 2373 relatum,
1361 2324 1433 2363 isti
1460 2337 1563 2377 pro-

49 2375 233 2422 ximum,
278 2375 428 2415 differt
456 2377 596 2416 culmo
637 2377 844 2428 simplici,
897 2378 967 2418 vix
995 2378 1188 2431 digitali,
1233 2381 1428 2432 panicula
1465 2380 1565 2419 sub-

55 2431 266 2485 simplici,
314 2432 432 2472 soliis
469 2432 782 2485 angustioribus
817 2433 1104 2482 acutioribus,
1152 2435 1334 2488 (glabris
1363 2445 1408 2475 ut
1439 2435 1483 2474 in
1503 2437 1565 2480 β.)

164 2487 275 2526 Adn
291 2495 358 2526 ot.
421 2488 600 2541 Species
623 2489 817 2541 proxime
847 2488 1026 2537 affines,
1073 2500 1115 2530 et
1137 2503 1211 2529 eae
1237 2492 1470 2545 pleraeque
1493 2504 1566 2531 ex-

52 2551 172 2583 terae
191 2571 203 2591 ‚
247 2541 462 2582 nonnullis
506 2552 645 2583 tamen
685 2544 939 2584 Brasilianis
992 2559 1069 2585 suo
1118 2545 1217 2586 loco
1274 2547 1563 2595 intercalatis,

52 2597 133 2639 hae
168 2608 286 2639 sunt:

164 2654 431 2694 Panicum
478 2655 778 2702 tenellum,
811 2657 979 2698 Lam.:
1019 2656 1216 2710 panicula
1258 2658 1453 2712 capillari
1492 2673 1564 2713 pa-

53 2719 196 2757 tente,
244 2710 421 2764 spiculis
457 2711 653 2750 obovatis
686 2711 871 2764 glabris,
915 2712 1069 2766 glumis
1089 2713 1333 2767 aequalibus
1353 2715 1563 2755 inferiore

54 2767 249 2814 decidua,
277 2775 367 2806 tum
394 2767 584 2806 neutrius
611 2767 787 2807 valvulis
815 2766 1015 2818 reflexis,
1048 2768 1187 2808 culmo
1209 2770 1357 2823 gracili
1384 2769 1565 2811 flaccido

56 2822 362 2876 subsimplice‚
403 2822 523 2862 foliis
555 2822 717 2864 dissitis
747 2823 984 2866 linearibus
1015 2825 1269 2880 vaginisque
1295 2826 1481 2881 glabris,
1512 2827 1563 2866 li-

57 2878 154 2933 gula
180 2887 372 2920 truncata
392 2877 518 2918 nuda.
1376 2885 1380 2890 '
1406 2886 1409 2888 ’

120 2952 277 2982 nona
304 2952 488 2982 musa.
519 2935 578 2981 ΙΙ.
1024 2942 1081 2988 15
