1788 3183
563 169 845 210 Giummun.
907 168 1121 207 Pnum.
1513 166 1595 207 293

87 291 154 332 loe
179 290 289 331 latos
312 298 405 339 tot,
446 298 550 344 quot
587 289 638 329 ad
667 288 798 330 flores
832 287 1124 329 sustentandos
1158 299 1266 339 opus
1305 292 1385 325 est.
1442 284 1594 324 Perse-

90 361 267 402 quamur
291 357 429 386 autem
461 348 571 385 viam
602 346 859 386 incrementi
884 346 1130 384 naturalem.
1193 341 1366 382 Glumas
1392 341 1492 379 duas
1519 355 1595 393 op*

86 404 248 457 positas
273 403 472 455 amplecti
497 403 596 441 duas
620 403 805 442 valvulas
838 402 1081 455 oppositas,
1124 400 1192 440 lex
1221 408 1297 438 est.
1358 396 1597 450 Opponun-

87 469 158 498 tur
190 469 329 498 autem
364 471 474 497 nunc
516 458 559 496 in
594 458 763 512 singulo
798 458 1012 511 pedicello
1046 457 1133 496 lato
1177 469 1252 494 seu
1288 454 1440 494 lacinia
1478 452 1593 492 invo-

84 515 196 554 lucri
236 515 370 554 duae
413 514 695 567 spiculae,
736 515 971 568 opponitur
1006 513 1073 552 his
1112 526 1163 552 ex
1196 511 1326 550 altera
1357 519 1476 563 parte
1518 522 1596 561 par

86 571 227 610 simile
265 570 522 624 spicularum
559 571 600 607 in
635 570 789 609 lacinia
823 571 977 609 simili:
1017 570 1147 608 habes
1178 577 1360 621 quatuor
1392 565 1591 619 spiculas.

84 630 248 674 Restat,
282 636 325 665 ut
349 626 665 679 simplicissima
683 627 778 680 lege
816 628 959 665 radius
984 625 1136 664 circuli
1158 624 1223 662 his
1245 623 1432 676 denique
1450 622 1492 660 in
1510 635 1596 660 am-

83 683 178 722 bitu
203 692 422 736 repetatur
439 713 449 730 ,
496 697 579 736 quo
605 683 785 721 alterum
809 683 1068 735 spicularum
1094 695 1169 734 par
1193 680 1401 720 circulum
1424 678 1594 718 senario

83 753 259 778 numero
286 739 491 792 impleat3
524 737 598 777 sed
633 739 804 777 rhachis
835 741 998 786 obstat,
1044 751 1175 792 quaex
1200 735 1338 790 quoad
1381 734 1596 788 originem

83 809 197 834 suam
227 795 334 834 latus
376 803 556 847 occupat
588 795 800 834 involucri
837 805 879 834 et
909 794 1183 844 interrumpit
1221 791 1442 830 circulum.
1503 792 1594 830 Jam

83 852 227 905 itaque
258 852 384 890 tertia
408 850 562 890 lacinia
591 851 812 890 divellitur
842 852 883 889 in
910 860 1051 902 partes
1076 849 1203 896 duas,
1240 861 1417 902 quarum
1444 847 1592 894 altera,

82 907 442 961 praecedentibus
477 906 653 947 similis.
692 921 817 946 unam
853 908 982 946 solam
1032 906 1117 944 fert
1161 905 1396 957 spiculam‚
1445 903 1593 948 altera,

84 963 152 1002 axi
177 973 370 1003 materno
401 964 552 1002 intime
590 963 848 1011 adhaerens,
882 971 1013 1001 restat
1044 962 1085 999 in
1122 960 1254 1000 fundo
1288 960 1499 999 involucri
1532 959 1596 996 in-

85 1020 318 1072 conspicua
350 1019 573 1073 gignitque
610 1020 815 1071 spiculam
850 1019 968 1072 quasi
1008 1018 1203 1057 sesfflffln
1240 1016 1501 1063 centralcm‚
1545 1014 1598 1052 ad

84 1075 203 1126 cujus
237 1076 342 1115 latus
379 1075 549 1114 rhachis
586 1090 661 1114 seu
693 1075 780 1114 axis
814 1075 996 1114 ulterius
1029 1072 1265 1113 adsccndit.
1325 1072 1470 1111 Habes
1513 1070 1596 1109 hoc

84 1132 211 1170 modo
236 1131 439 1171 circulum
470 1129 686 1179 trifidum,
718 1131 810 1170 basi
840 1130 1138 1183 conjunctum,
1185 1129 1355 1167 laciniis
1385 1127 1498 1166 binis
1531 1126 1597 1165 bi-

83 1185 225 1233 floris,
260 1203 337 1225 una
366 1185 547 1225 unissora
567 1217 576 1233 ,
611 1201 717 1241 quae
754 1187 836 1225 una
864 1187 1041 1225 limbum
1075 1186 1190 1231 tubi,
1233 1185 1284 1223 ab
1316 1184 1486 1237 origine
1518 1183 1598 1221 tri-

82 1243 256 1296 partiti,
304 1242 734 1297 quinquefidum
768 1243 965 1283 reddunt.
1037 1244 1284 1296 Sequuntur
1328 1241 1469 1279 statim
1502 1239 1596 1278 tubi

84 1299 288 1338 ambitum
324 1299 517 1352 glumae,
559 1299 784 1339 advertunt
820 1300 903 1338 sibi
943 1300 1058 1337 inter
1100 1312 1144 1337 se
1182 1297 1422 1349 margines,
1463 1296 1597 1334 latera

84 1365 323 1395 extrorsum
353 1364 394 1394 et
421 1356 652 1394 introrsum
682 1365 899 1408 spectant:
935 1356 1121 1405 calycem
1152 1351 1432 1393 decemlidum
1451 1352 1597 1405 appel·

84 1411 210 1450 lares.
270 1412 470 1452 Valvulae
496 1411 611 1450 inter
631 1412 751 1460 illas,
785 1412 934 1451 eodem
976 1413 1059 1450 situ
1103 1424 1273 1464 semper
1302 1409 1385 1448 sibi
1420 1408 1599 1461 opposi-

81 1477 175 1514 tae,
205 1469 458 1506 laminarum
492 1469 676 1508 formant
711 1469 869 1507 seriem
909 1469 1148 1521 duplicem,
1196 1480 1372 1520 quarum
1405 1465 1598 1504 exterior

80 1523 318 1576 petalorum
360 1532 450 1571 est,
494 1524 681 1563 interior
718 1535 858 1564 autem
893 1524 1138 1564 coronulae.
1209 1525 1359 1562 Partes
1404 1522 1597 1560 sexuales

83 1594 162 1632 pro
188 1580 269 1618 situ
296 1589 337 1619 et
363 1588 460 1618 ortu
489 1580 605 1620 solae
645 1583 855 1620 masculae
887 1579 1192 1633 perficiuntur,
1242 1587 1449 1633 augentur
1479 1586 1520 1616 et
1551 1578 1597 1616 in

84 1637 274 1689 quinque
314 1635 544 1688 phalanges
578 1637 833 1676 distributae
858 1636 979 1676 floris
1008 1636 1282 1689 polyadelphi
1308 1642 1476 1674 struunt
1500 1633 1598 1672 fun-

85 1693 292 1731 damenta.
354 1695 505 1731 Restat
543 1693 586 1731 in
618 1703 765 1733 centro
791 1695 952 1745 spicula
980 1703 1120 1739 sexta,
1162 1692 1228 1731 axi
1255 1692 1523 1744 respondens
1554 1698 1596 1728 et

83 1762 162 1800 per
191 1761 235 1787 se
261 1748 433 1801 quidem
452 1749 587 1789 veluti
618 1751 749 1788 caulis
777 1751 910 1803 ipsius
941 1748 1061 1789 ssoris
1086 1748 1344 1801 reputanda,
1392 1760 1498 1796 quae
1528 1760 1599 1785 so-

83 1805 186 1843 litae
212 1813 449 1843 strurturae
481 1804 670 1844 fideliter
699 1807 955 1849 adhaerens,
999 1805 1224 1859 biglumis,
1274 1803 1476 1853 bivalvis‚
1517 1816 1598 1857 per

84 1862 244 1915 glumas
266 1861 349 1912 jam
374 1860 716 1901 membranaceas
739 1862 870 1902 factas
887 1863 1023 1901 rel'ert
1042 1857 1304 1906 nectarium,
1335 1860 1466 1900 valvis
1490 1873 1595 1899 vero

85 1917 366 1956 crassioribus
394 1925 521 1971 atque
549 1919 807 1959 ventricosis
835 1918 923 1958 abit
948 1919 993 1957 in
1018 1918 1181 1957 fructus
1202 1917 1510 1971 prriczwpium.

193 1989 562 2046 Quemadmodum
586 1999 727 2030 autem
747 2004 769 2029 e
794 1990 962 2044 singulo
985 1991 1242 2043 spicularum
1258 1987 1471 2029 verticillo
1497 2000 1594 2027 cum

84 2045 263 2083 centrali
290 2044 453 2096 spicula
477 2044 558 2085 flos
595 2047 775 2099 simplex
811 2047 1034 2085 circularis
1068 2048 1263 2100 quinario
1298 2045 1483 2098 partium
1517 2058 1594 2082 nu-

82 2114 200 2139 mero
222 2114 487 2154 inonogynus
514 2103 733 2150 exoritur,
781 2103 844 2142 sic
885 2103 1010 2142 eliam
1039 2113 1129 2142 tota
1162 2102 1276 2155 spica
1313 2116 1439 2139 unum
1474 2100 1594 2140 exhi-

80 2158 153 2196 bet
192 2155 343 2196 flmcm
383 2171 406 2196 e
456 2158 652 2211 plurimis
702 2160 894 2212 partibus
940 2159 1229 2213 periphericis
1284 2171 1451 2211 unaque
1509 2167 1594 2195 ter—

80 2213 224 2252 minali
260 2213 422 2265 spicula
446 2215 677 2255 foeminea.
718 2217 947 2268 Deprimas
985 2215 1035 2254 ab
1076 2216 1197 2269 apice
1232 2229 1398 2254 omnem
1431 2213 1592 2266 spicam

81 2269 132 2308 ad
157 2269 327 2321 planum
350 2268 526 2318 baseos,
559 2284 634 2320 en,
668 2270 819 2311 florem
847 2272 1159 2325 polypetalum.
1191 2271 1469 2325 polyandrum
1493 2272 1590 2322 (po-

80 2325 349 2378 lyadelplium
371 2325 668 2378 polyandrum)
701 2328 979 2382 polygynum:
1010 2328 1115 2367 haec
1134 2332 1328 2368 Rosacea
1347 2336 1409 2366 est
1432 2325 1590 2379 planta,

82 2381 150 2422 vel
174 2383 525 2430 Ranunculacea,
556 2384 764 2423 Rosaceis
788 2393 930 2423 tamen
958 2385 1166 2437 proxima.
1197 2409 1252 2417 -—

190 2438 454 2478 Parianae
486 2440 654 2492 species
684 2440 939 2480 brasilianae
971 2451 1150 2494 septem.

439 2545 470 2576 1.
506 2550 772 2580 PARIANA
808 2550 1216 2580 CAMPESTRIS.

196 2617 240 2654 P.
285 2616 515 2658 involucris
562 2617 654 2657 basi
697 2619 920 2673 strigosiS,
972 2622 1127 2674 glumis
1173 2620 1371 2660 masculis
1406 2617 1587 2658 valvulis·

81 2672 259 2712 dimidio
286 2672 380 2713 fore
407 2674 680 2714 brevioribus
714 2677 1110 2724 ovato-subulatis,
1153 2676 1272 2717 foliis
1296 2674 1587 2725 ovato-ellip-

80 2729 179 2768 ticis
205 2728 294 2767 basi
324 2730 563 2770 rotundatis
592 2731 751 2784 glabris
787 2733 977 2773 laevihus
1004 2735 1153 2774 subtus
1174 2734 1334 2788 pallide
1360 2729 1585 2773 viridibus,

81 2785 169 2824 oris
194 2784 322 2838 longe
351 2786 521 2827 setosis.

193 2842 370 2901 Pariana
411 2843 689 2896 campestris,
741 2842 875 2884 Aubl.
919 2843 1077 2895 Gujan.
1117 2844 1180 2885 II.
1210 2860 1253 2896 Ῑ).
1295 2845 1389 2895 876.
1429 2851 1458 2883 Ι.
1489 2843 1588 2886 3371

253 2894 403 2936 Willd.
437 2896 587 2952 Sp.pl.
618 2901 694 2939 IV.
728 2916 759 2939 ι.
784 2915 826 2954 ρ.
862 2910 956 2952 (402.
1001 2899 1115 2941 Pers.
1157 2900 1264 2955 Syn.
1307 2901 1369 2941 II.
1398 2916 1440 2953 ρ.
1477 2901 1574 2942 5⁹³5.
