1788 3183
121 161 177 202 12
693 205 698 210 ἱ
732 145 1019 195 (ἁιιἈΜικι-ιλιιι..

610 218 620 229 ’ν
691 211 716 231 Q.

691 235 724 253 κ.-

121 280 237 326 loco
282 293 414 324 nunc
458 289 619 323 autem
676 275 992 321 articulorum
1040 277 1317 323 breviorum
1365 275 1637 338 frequentia

122 363 422 412 coacervatis
469 363 680 409 tribuere
726 374 775 409 et
822 363 1066 408 communi
1116 374 1234 426 typo
1279 362 1528 426 applicare
1579 363 1636 407 li·

123 452 256 500 cebit
289 446 356 512 ²³³).

253 591 474 638 Adnot.
544 589 715 634 Liceat
758 607 909 653 pauca
971 590 1030 633 cle
1080 589 1354 634 naturali
1411 589 1636 633 affini-

125 666 258 706 t'ate
295 654 761 703 Graminearum
796 656 846 699 in
882 655 1093 699 medium
1131 655 1377 717 proferre,
1432 672 1637 716 quorum

125 740 312 771 summa
338 721 535 784 quidem
558 719 605 764 in
634 720 692 764 iis
712 721 875 784 posita
896 737 998 765 esse
1026 721 1228 775 videtum
1268 737 1392 783 quae
1419 721 1478 765 el.
1495 722 1636 781 Tui·-

126 791 233 854 pin
267 789 299 833 l.
337 805 378 833 c.
419 786 694 831 Palmarum
734 798 782 832 et
818 787 1191 832 Graminearum
1226 781 1637 831 inllorescentiam

126 852 472 917 componendo
503 851 688 914 optime
719 852 957 915 exposuit.
1038 851 1268 915 Quisquis
1301 852 1481 897 etenim
1515 851 1638 896 Gra-

126 922 314 967 minum
353 929 402 964 et
429 917 699 962 ‚Palmarum
735 918 919 962 formas
957 917 1004 961 in
1047 917 1347 971 universum,
1405 916 1636 970 radicem,

126 986 361 1050 stipitem,
398 983 630 1029 foliorum
650 993 698 1026 et
724 983 1008 1028 soliolorum
1028 982 1077 1026 in
1094 981 1452 1046 posterioribus
1486 993 1638 1027 textu-

125 1069 232 1098 ram
278 1062 328 1096 et
381 1048 916 1111 circumscriptionem,
973 1060 1074 1094 tum
1115 1048 1318 1093 maxime
1361 1049 1642 1112 spatharum

125 1130 176 1164 et
202 1115 556 1181 spathellarum
585 1126 800 1159 mutuam
829 1113 1144 1169 relationem,
1203 1114 1347 1177 quid,
1407 1112 1637 1175 germinis

126 1184 275 1230 etiam
305 1194 477 1246 typum
515 1191 564 1226 et
601 1180 802 1226 seminis
837 1179 1079 1226 fabricam
1107 1180 1198 1224 rite
1235 1179 1397 1225 animo
1432 1194 1642 1243 perpen-

170 1414 208 1458 θ’)
232 1411 533 1459 Adoptavimus‚
560 1410 664 1458 quod
686 1410 734 1446 acl
757 1411 1080 1446 infloresccntiam
1104 1409 1264 1451 attinet,
1290 1419 1527 1443 communem
1547 1407 1644 1441 hanc

258 1466 444 1515 loquendi
468 1467 672 1508 rationem,
700 1469 849 1502 tametsi
874 1468 993 1502 multo
1010 1466 1293 1514 praestantiora
1316 1466 1418 1499 cirea
1437 1464 1530 1497 haec
1553 1462 1642 1496 eilo-

261 1524 387 1558 cuerit
410 1523 612 1557 Trinius
638 1530 771 1557 noster
796 1523 835 1557 in
859 1524 982 1563 libro,
1027 1533 1138 1569 quem
1166 1519 1211 1554 (le
1239 1519 1484 1554 Graminibus
1508 1518 1643 1551 unisso-

259 1579 316 1612 ris
346 1585 384 1612 et
408 1578 645 1625 sesquissoris
672 1578 896 1624 inscriptum
925 1589 1050 1623 nuper
1077 1575 1210 1610 edidit.
1267 1577 1370 1610 Talis
1397 1582 1522 1608 autem
1554 1575 1646 1607 haec

263 1641 320 1669 est
347 1633 652 1667 inflorescentiae
683 1634 893 1680 graminum
926 1645 1025 1667 nova
1054 1631 1268 1678 expositio,
1312 1638 1352 1665 ut
1381 1631 1526 1677 singula
1553 1631 1647 1673 ejus,

263 1702 361 1737 quae
385 1689 424 1722 in
447 1700 489 1723 ea
515 1688 802 1735 distinguuntur
826 1700 966 1735 genera
991 1700 1073 1721 cum
1100 1687 1269 1720 omnium
1294 1686 1533 1733 reliquarum
1559 1696 1646 1730 par-

261 1746 381 1785 tium,
419 1745 649 1790 praesertim
672 1757 755 1778 cum
779 1744 1011 1790 spicularum
1034 1742 1181 1776 fabrica
1200 1741 1409 1787 penitiori,
1448 1741 1584 1773 mirum
1607 1740 1648 1773 in

264 1800 417 1834 modum
441 1800 684 1833 consentiant
710 1806 747 1833 et
774 1800 933 1833 multum
960 1798 1159 1831 conserant
1185 1796 1231 1829 ad
1259 1808 1399 1843 genera
1427 1795 1646 1829 Gramine?-

267 1868 351 1890 rum
379 1856 417 1889 in
447 1855 632 1889 Triniana
665 1854 846 1888 methodo
878 1851 1158 1887 constituenda.
1220 1853 1518 1896 Distinguuntur
1548 1862 1644 1895 ses-

265 1918 356 1946 tem
382 1909 786 1944 modificationes
813 1908 1232 1942 inflorescentiae
1259 1906 1492 1952 graminum,
1518 1906 1646 1952 prin-

267 1967 454 2013 cipales
481 1965 527 1999 ah
554 1965 620 1998 illo
648 1965 840 2010 scriptore
866 1964 1105 2010 appellatae,
1139 1975 1235 2009 quae
1261 1970 1368 1996 sunt:

355 2027 392 2058 10
418 2021 560 2066 Spica
585 2027 621 2054 et
647 2020 803 2066 Spicula
836 2019 884 2058 (i.
913 2030 947 2052 e.
976 2019 1078 2064 spica
1104 2019 1277 2064 partialis
1303 2016 1432 2063 spicae
1459 2015 1647 2061 composi·

267 2085 349 2117 tae,
377 2089 461 2111 nam
481 2088 577 2123 quae
598 2075 712 2109 nobis
733 2075 973 2121 spieulae,
1008 2074 1232 2107 locustae
1258 2073 1418 2107 audiunt
1444 2071 1649 2113 Trinio)

267 2133 438 2179 spieulae
465 2133 651 2172 (locustae
673 2132 800 2172 Trin.)
836 2131 873 2163 in
905 2129 1072 2163 rhachi
1098 2129 1300 2163 articulata
1326 2128 1497 2169 sesssses,
1533 2127 1646 2160 alter-

268 2199 354 2230 nae,
378 2187 578 2221 basibus
605 2186 932 2220 articulorum
960 2185 1180 2226 innatae,
1206 2184 1375 2218 rhachi
1403 2183 1530 2230 itaque
1556 2182 1643 2216 sub

268 2244 373 2290 ipsa
398 2243 592 2289 spicula
616 2241 795 2283 solubili,
822 2252 858 2274 v.
882 2252 915 2273 e.
938 2240 976 2273 in
1001 2240 1239 2285 Ophiuro.

353 2303 393 2334 20
419 2295 683 2332 Caduceus.
748 2295 927 2343 Spiculae
959 2295 997 2328 in
1027 2295 1084 2328 axi
1114 2295 1316 2328 articulato
1344 2294 1406 2328 vel
1434 2291 1647 2327 subarticu-

269 2355 348 2389 lato
371 2353 589 2388 alternatim
610 2352 761 2387 sessiles
780 2351 842 2385 vel
862 2351 973 2385 brevi
988 2349 1280 2395 -petlicellatam
1307 2350 1390 2391 axi,
1415 2349 1481 2382 ubi
1504 2347 1648 2381 solubi-

269 2411 315 2445 lis
339 2417 415 2453 est,
451 2420 595 2455 supra
627 2407 866 2455 spiculam
899 2405 1054 2440 articuli
1081 2406 1265 2453 cuiusque
1291 2405 1439 2452 fragili5
1484 2416 1522 2438 v.
1545 2415 1578 2437 e.
1612 2403 1650 2436 in

270 2466 530 2511 Aegilope.

359 2525 400 2558 30
422 2518 676 2555 Panicula:
712 2517 807 2552 axis
834 2515 985 2550 inferne
1009 2517 1140 2550 saltem
1165 2516 1398 2561 regulariter
1421 2514 1645 2548 articulatus

274 2576 340 2611 vel
369 2575 686 2616 subarticulatus,
733 2585 752 2608 e
778 2572 914 2620 quovis
939 2572 1116 2618 geniculo
1148 2572 1323 2604 emittens
1353 2582 1477 2604 ramos
1507 2568 1650 2608 (radios

276 2633 365 2674 Tr.)
389 2632 585 2678 longiores
607 2629 862 2664 brevioresve
883 2628 1111 2674 plerumque
1131 2638 1206 2660 uno
1230 2627 1362 2673 plures
1382 2623 1650 2660 semiverticil-

275 2689 373 2723 latos
392 2687 454 2721 vel
476 2685 749 2725 verticilla'tos,
782 2683 928 2718 nodulo
948 2683 1111 2726 junctos.

362 2746 403 2783 ΔΟ
449 2741 578 2778 Juba.
630 2740 740 2775 Axis
788 2738 1014 2778 continuus,
1070 2748 1142 2783 per
1181 2735 1379 2771 distantias
1420 2733 1653 2781 irregulares

275 2809 430 2832 ramos
456 2795 623 2840 (radios)
658 2795 897 2830 distantes
931 2804 1084 2839 sparsos
1116 2793 1203 2838 plus
1234 2793 1357 2826 minus
1390 2791 1653 2835 elongatos

277 2854 506 2900 plerumque
531 2852 725 2887 solitarios
747 2852 936 2885 emittens.

365 2914 405 2948 50
429 2909 522 2953 Thy
533 2920 640 2943 rsus
666 2914 722 2942 est
742 2906 832 2951 juba
857 2903 1032 2950 adeoque
1057 2904 1307 2938 confertiset
1327 2900 1513 2936 brevibus
1534 2911 1656 2934 mmu-
