1788 3183
192 187 275 230 538
445 180 723 220 Gna-mmmm.
784 173 1072 215 Onsnnvmio
1111 183 1433 212 01100111111101.

193 301 362 344 flosculi
399 298 627 346 valvulam,
682 305 850 335 tenuem
884 307 974 332 eam
1012 302 1054 332 et
1086 290 1448 333 membranaceum
1481 292 1688 345 apiceque

193 362 374 400 laceram
399 355 641 399 existimes,
686 351 812 391 eave!
854 352 961 388 Tum
987 350 1140 401 duplex
1164 346 1294 397 lingas
1326 361 1503 386 necesse
1525 348 1603 386 erit
1629 349 1687 385 in-

193 415 439 458 volucrum,
470 410 655 450 exterius
678 407 846 446 scilicet
870 406 1022 451 breve,
1070 404 1249 444 interius
1281 414 1418 441 31110111
1443 403 1689 454 triphyllum

194 470 507 522 cirrhigerum,
539 464 652 520 quod
679 471 798 502 certo
816 491 825 508 ,
851 469 896 499 ut
923 475 1048 513 supra
1072 462 1258 499 diximus
1277 489 1286 506 ‚
1327 459 1561 512 glumarum
1593 459 1688 498 loco

192 537 271 569 est.
329 528 468 564 Porro
490 522 619 560 trium
645 518 809 558 11050011
834 516 1102 561 valvularum,
1136 514 1322 569 ejusdem
1351 515 1557 566 originis,
1589 513 1691 553 duaa

192 584 353 638 glumas
373 578 610 632 appellares
626 604 636 622 ,
668 575 835 614 tertiam
858 572 1026 612 flosculi
1046 573 1295 611 inferiorem
1320 572 1548 618 valvulam3
1583 584 1691 623 quae

194 647 346 679 cuneta
378 635 504 674 iuvita
527 642 672 672 natura
699 631 760 670 510
784 629 1014 678 001151111ιί5
1055 639 1233 678 experto
1272 628 1528 666 credendum
1558 626 1691 665 nemi-

192 706 376 748 nemque
400 691 570 740 latebit,
619 688 687 728 cui
714 686 880 740 plantae
902 685 1203 725 examinandae
1231 685 1406 724 facultas
1433 682 1581 723 suerit.

572 1043 891 1080 OBSERVATIO
940 1040 1310 1077 GEOGRAPHICA.

303 1191 549 1234 Graminum
575 1188 681 1228 ordo
702 1187 905 1226 naturalis
927 1200 1010 1225 non
1031 1185 1166 1224 solum
1194 1186 1248 1224 ob
1274 1184 1551 1238 multiplicem
1567 1200 1686 1224 usum

191 1251 266 1297 ((10
291 1264 375 1304 quo
405 1248 514 1286 infra
549 1242 766 1283 nonnullis
797 1243 1113 1291 tractabimus),
1155 1251 1195 1280 et
1221 1241 1332 1295 quocl
1358 1256 1434 1293 per
1458 1241 1685 1281 latissimos

188 1317 399 1348 terrarum
422 1312 578 1343 tractus
599 1299 753 1339 diffusa
782 1308 899 1345 sunt,
942 1298 1107 1337 animos
1131 1308 1301 1336 naturae
1333 1307 1613 1337 scrutatorum
1642 1299 1685 1337 in

191 1378 237 1403 50
274 1369 527 1401 convertere
556 1356 708 1402 debet,
753 1355 826 1394 sed
857 1354 964 1392 113110
999 1368 1167 1408 quoque
1205 1353 1258 1392 ob
1295 1366 1458 1391 causam
1507 1368 1684 1407 eamque

186 1418 476 1472 praecipuam,
509 1412 620 1468 quod
646 1425 845 1450 numerus
866 1409 1146 1462 singulorum,
1182 1409 1330 1448 eodem
1367 1409 1462 1448 1000
1488 1423 1685 1448 crescen-

189 1477 319 1519 tium,
364 1473 420 1511 ita
452 1479 514 1510 est
543 1466 758 1514 infinitus,
793 1476 836 1506 ut
871 1465 1150 1518 paucissimae
1183 1464 1392 1511 familiae,
1445 1465 1530 1504 nisi
1568 1465 1684 1504 sorte

187 1530 442 1574 coniferae,
493 1528 754 1564 Proteaeeac
779 1553 789 1569 ,
853 1522 1033 1561 Ericeae
1087 1530 1130 1559 et
1171 1520 1277 1559 aliae
1319 1521 1548 1574 quaedam,
1590 1535 1685 1560 011111

188 1587 276 1627 illis
313 1583 480 1638 possint
512 1581 590 1620 hac
630 1580 673 1617 in
705 1593 752 1618 re
785 1577 1039 1631 comparari.
1115 1579 1232 1615 Haec
1270 1585 1409 1615 autem
1446 1577 1688 1615 individuo-

186 1657 281 1684 rum
324 1639 547 1685 fertilitas,
589 1649 696 1691 quae
718 1644 801 1673 tam
830 1649 880 1673 ex
909 1633 1116 1673 seminum
1141 1633 1394 1688 plerumque
1425 1633 1686 1673 minutorum

187 1698 305 1740 facili
331 1696 624 1748 dispersione,
657 1706 779 1746 quam
807 1705 829 1729 e
853 1690 1043 1729 radicum
1071 1698 1240 1742 reptatu
1270 1689 1568 1744 stolonumque
1598 1688 1687 1728 fre-

188 1754 336 1810 quenti
368 1759 519 1791 exortu
542 1749 701 1794 oritur,
734 1756 905 1800 tegmen
941 1745 1046 1784 illud
1077 1744 1266 1784 Telluris
1296 1744 1434 1783 viride
1471 1753 1684 1798 procreat,

190 1811 306 1866 quod
336 1820 550 1859 campos
580 1812 853 1859 prataque
885 1801 1073 1847 obducit,
1105 1815 1197 1839 nam
1220 1800 1523 1854 vegetabilium
1551 1796 1685 1840 socia-

187 1867 291 1908 lium
330 1865 372 1903 in
412 1861 571 1915 campis
608 1862 734 1914 longe
782 1858 957 1898 maxima
987 1871 1085 1912 pars
1121 1858 1173 1896 ad
1213 1856 1536 1899 Graminearum
1569 1856 1685 1897 ordi.

182 1937 281 1965 nem
307 1920 506 1973 pertinet.

297 1979 416 2036 Quae
455 1987 584 2030 quum
617 1972 675 2010 ita
709 1970 815 2017 sint,
848 1982 1005 2022 operae
1040 1968 1224 2021 ‘pretium
1260 1967 1454 2016 videtur,
1495 1975 1569 2015 ut,
1612 1967 1685 2007 de-

187 2034 361 2084 scriptis
386 2032 466 2084 jam
497 2042 655 2067 summa
683 2039 781 2065 cura
803 2025 853 2065 ab
878 2025 1041 2078 optimo
1074 2034 1222 2063 nostro
1254 2038 1415 2062 NEsssm
1447 2023 1684 2076 graminum

185 2087 500 2130 brasiliensium
523 2084 772 2136 speciebus,
807 2095 912 2136 quae
953 2081 1004 2119 ad
1033 2080 1113 2118 hoc
1147 2089 1309 2133 tempus
1347 2080 1537 2118 detectae
1573 2088 1680 2126 sunt,

184 2145 379 2185 breviter
402 2141 703 2193 dispiciamus,
747 2152 830 2193 quo
868 2136 994 2176 modo
1026 2149 1104 2188 per
1137 2150 1327 2181 omnem,
1368 2150 1447 2191 qua
1478 2135 1682 2175 latissime

183 2210 324 2257 patet,
366 2197 588 2239 Brasiliam
627 2194 876 2246 dispertitae
917 2193 1013 2231 51111.
1083 2192 1202 2249 Quae
1238 2191 1409 2244 quidem
1437 2190 1685 2245 disquisitio

182 2258 308 2300 nobis
329 2253 525 2295 nonnulla
550 2246 745 2297 docebit,
779 2250 904 2302 digna
941 2259 1047 2304 quae
1073 2247 1328 2300 geographis
1354 2255 1396 2285 et
1424 2256 1597 2287 naturae
1614 2260 1686 2286 cu·

182 2313 311 2356 riosis
348 2310 605 2355 offerantur,
652 2317 901 2362 quamquam
948 2317 1033 2344 11011
1075 2303 1190 2344 omni
1238 2302 1681 2351 duluitationervacua,

183 2369 343 2425 quippe
374 2380 501 2421 quum
533 2379 618 2405 non
653 2362 835 2415 diligens
869 2359 968 2399 satis
1000 2373 1079 2412 per
1117 2359 1313 2411 ingentes
1346 2359 1440 2398 illos
1471 2367 1681 2398 terrarum

182 2434 341 2467 tractus*
383 2423 530 2461 harum
566 2434 708 2459 1010111
745 2416 988 2457 observatio
1023 2415 1241 2470 hueusque
1272 2414 1432 2463 fuerit,
1475 2427 1556 2455 nec
1591 2429 1680 2454 om·

183 2495 260 2524 nes
291 2480 388 2518 illae
410 2478 610 2531 regiones
633 2475 709 2514 sub
729 2487 901 2513 examen
928 2471 1070 2510 vocari
1098 2470 1332 2524 potuerint.

294 2538 339 2575 In
369 2532 670 2572 dissertatione
705 2530 843 2583 primo
864 2527 987 2579 liu-jus
1017 2528 1162 2580 operis
1190 2524 1391 2566 volumini
1418 2523 1600 2579 praelixa
1625 2524 1678 2565 de

185 2596 284 2634 aere
315 2600 357 2630 et
384 2590 489 2628 10015
521 2598 647 2641 atque
674 2588 725 2625 de
763 2595 1040 2636 utrorumque
1073 2583 1123 2622 ad
1148 2581 1474 2636 promovendam
1506 2590 1679 2634 vegeta-

181 2649 342 2691 tionem
376 2645 541 2684 ratione
567 2644 608 2683 in
634 2644 876 2682 universum
901 2648 1040 2678 actum
1078 2648 1156 2678 est.
1216 2637 1412 2677 Diximus
1444 2636 1570 2676 eliam
1603 2637 1679 2691 qui

180 2714 391 2747 terrarum
418 2710 571 2740 tractus
599 2700 641 2738 in
676 2706 840 2736 montes
865 2697 1109 2737 eleventur,
1159 2694 1230 2748 qui
1263 2692 1319 2731 in*
1341 2693 1474 2732 colles
1512 2692 1678 2745 disper-

185 2770 361 2815 gantur,
390 2756 462 2813 qui
499 2756 542 2795 in
581 2768 751 2805 campos
786 2760 955 2804 pateant
998 2760 1065 2789 aut
1098 2750 1224 2801 sylvis
1262 2749 1563 2794 siendescant,
1606 2749 1679 2802 qui

183 2813 369 2871 denique
404 2814 509 2851 fines
534 2812 619 2850 sint
652 2810 874 2862 utrimque
903 2807 1074 2860 generis
1102 2805 1353 2857 vegetabilis
1376 2814 1417 2843 et
1440 2803 1611 2844 alterius
1637 2804 1680 2842 in

186 2872 364 2915 alten-um
396 2868 610 2910 transitus.
668 2868 713 2905 111
749 2865 825 2903 hac
859 2865 1001 2917 itaque
1033 2862 1290 2902 disseremus
1332 2861 1383 2900 (10
1417 2859 1681 2901 memorabili
