1788 3183
289 169 574 212 GnamuuAE.
634 168 926 212 Osssnnvarlo
961 183 1285 214 GEOGRAPmCA.
1457 179 1537 222 545

31 289 189 339 nitite,
231 288 482 328 australiore
527 301 632 329 vero
681 289 862 341 junioris
897 290 990 330 aevi
1027 290 1379 341 formationibus,
1437 311 1538 350 quas

32 346 284 398 Flfitztrapp
313 344 486 392 dicunt,
520 346 723 397 componi
758 346 949 395 videtur,
982 360 1126 386 versus
1151 348 1432 390 Occidentem
1463 353 1539 391 de-

29 401 198 441 scendit
244 400 371 453 plano
413 399 595 454 quodam
633 402 880 454 peramplo,
926 402 1040 456 quod
1085 403 1148 442 vel
1194 405 1373 444 collibus
1417 408 1536 449 inae-

30 457 155 512 quale
184 456 342 510 passim
372 466 648 509 corrugatur,
690 457 756 496 vel
789 458 832 496 in
865 468 1000 497 vastas
1030 458 1228 511 planities
1263 460 1530 513 diffunditur,

32 521 76 552 et
105 511 187 551 hoc
226 511 353 550 modo
381 524 476 549 cum
507 511 731 551 altioribus
766 515 925 564 campis
961 513 1165 553 cohaeret
1212 529 1289 567 per
1325 518 1534 559 interiora

33 570 76 609 S.
108 567 231 606 Pauli
262 567 511 619 provinciae
543 568 799 620 patentibus
861 571 1019 608 Harum
1052 585 1176 623 supra
1209 585 1323 610 mare
1354 574 1535 615 altitudo

4 625 144 663 ‘inter
181 624 285 662 1500
317 631 359 661 et
390 636 495 662 2000
526 623 680 676 pedum
697 624 859 663 variare
894 625 1073 671 videtur,
1098 635 1139 665 ct
1161 640 1307 666 versus
1332 631 1535 669 Austrum

30 679 254 720 descendit
283 679 538 730 praesertim
570 679 672 718 inde
703 694 724 718 a
754 680 981 720 latitudine
1014 682 1065 720 25
1095 681 1312 735 graduum.
1374 685 1418 722 In
1445 686 1535 725 col-

29 736 133 775 lium
152 734 370 774 cacumine
394 733 476 784 jam
498 733 675 774 humilia
701 736 856 774 fruteta
885 737 964 787 jam
985 738 1194 789 caespites
1208 739 1457 790 graminum,
1492 741 1536 781 in

25 790 288 845 planitiebus
320 789 509 843 locisque
541 787 780 843 depressis,
817 789 1044 831 fluviorum
1075 793 1350 847 rivorumque
1383 810 1533 850 magna

28 847 154 900 copia
169 845 459 892 foecundatis,
494 855 614 899 prata
640 847 780 886 virent
804 856 873 886 aut
899 850 1238 888 Araucariae
1263 850 1352 888 bra
1370 852 1535 891 silia-

29 916 128 942 nae
158 901 328 942 nobiles
352 901 481 940 saltus
506 901 723 942 frondent.
755 903 892 955 Regio
910 904 1067 943 inculta
1096 913 1172 951 est,
1207 905 1314 944 etob
1332 908 1533 948 Indorum

29 957 214 999 hostiles
258 957 452 996 incursus
494 959 773 1011 peregrinatu
818 958 1072 999 difficilior:
1114 962 1264 998 Seruio
1295 961 1345 999 cle
1386 960 1532 1018 Lages

29 1014 257 1069 appellant.
329 1015 419 1052 Hac
466 1022 584 1066 parte
628 1015 741 1052 inter
791 1012 963 1054 flumina
1011 1014 1204 1053 Curitilm
1253 1025 1294 1055 et
1343 1014 1532 1059 Ρεῖίοτας

28 1070 191 1110 humile
230 1069 439 1108 montium
479 1068 624 1122 jugum
666 1068 901 1123 (Espiga'o)
934 1071 1048 1111 inter
1086 1073 1340 1125 Aquilonem
1373 1084 1414 1113 et
1445 1077 1530 1114 Ex-

29 1136 172 1168 ortum
216 1125 437 1173 decurrit,
493 1125 576 1177 jam
622 1126 973 1166 Araucariae
1013 1127 1366 1168 brasilianae
1407 1144 1533 1170 orna·

30 1191 174 1222 mento
207 1181 485 1229 destitutum3
530 1194 777 1233 camporum
817 1196 919 1222 vero
958 1183 1125 1222 indoles
1158 1185 1275 1237 quasi
1308 1186 1454 1225 eadem
1484 1201 1531 1226 ac

29 1251 276 1291 camporum
308 1237 383 1276 sub
426 1237 520 1289 ipso
552 1237 743 1289 Tropico
776 1238 969 1277 sitorum.
1030 1241 1230 1279 Gramina
1261 1240 1427 1281 scilicet
1457 1255 1532 1282 cod

31 1295 126 1335 lore
179 1293 698 1348 glauco-incanescente,
751 1295 824 1347 qui
870 1295 1022 1347 longae
1070 1295 1171 1347 pubi
1224 1295 1432 1344 debetur,
1489 1307 1534 1338 et

28 1348 219 1405 magnis,
259 1362 307 1387 ac
337 1350 450 1388 inter
481 1362 525 1388 se
557 1349 758 1397 remotis,
802 1350 845 1387 in
877 1364 983 1404 quos
1014 1351 1258 1389 increscunt
1281 1381 1289 1397 ,
1333 1354 1534 1406 caespiti-

28 1406 108 1446 bus
138 1404 484 1457 distinguuntur3
527 1414 744 1445 caeterum
783 1405 1010 1445 herbarum
1052 1417 1094 1446 et
1136 1405 1405 1446 suffrulicum
1446 1410 1531 1448 dis-

26 1461 168 1502 colori
223 1474 355 1515 grege
408 1460 590 1501 mirifice
647 1462 932 1514 variegantur.
1019 1462 1087 1501 Ob
1142 1463 1333 1501 eximiam
1380 1464 1531 1505 horum

30 1518 225 1559 locorum
257 1516 398 1570 quoad
428 1518 665 1570 graminum
697 1518 1009 1569 vegetationem
1050 1518 1283 1564 luxuriem,
1328 1534 1393 1559 res
1436 1534 1534 1573 pas-

27 1574 173 1614 cuaria
204 1573 322 1612 valde
352 1569 508 1621 floret,
558 1583 598 1612 et
629 1573 767 1625 campi
798 1573 897 1612 ideo
928 1588 1084 1612 nomon
1122 1573 1303 1626 Campos
1332 1576 1386 1613 da
1431 1579 1533 1615 Vac-

27 1629 148 1668 caria
177 1629 292 1668 nacti
333 1637 456 1675 sunt,
500 1643 584 1683 quo
625 1629 747 1666 simul
790 1628 1109 1682 distinguuntur
1139 1644 1159 1668 a
1191 1632 1349 1683 campis
1383 1644 1532 1673 versus

28 1684 373 1739 Septentrionem
428 1683 472 1722 in
521 1684 757 1737 provinciis
798 1686 839 1724 S.
883 1685 1003 1724 Pauli
1056 1695 1095 1723 et
1142 1694 1301 1725 tractus
1355 1687 1533 1727 auriferi

28 1738 229 1790 (smnus)
271 1739 468 1787 diffusis,
528 1754 635 1794 quos
684 1738 867 1792 Campos
910 1743 1062 1791 geratis
1104 1755 1350 1793 nuncupare
1379 1744 1531 1782 solent.

32 1798 198 1839 Versus
240 1800 440 1836 Austrum
471 1796 507 1835 si
538 1796 670 1850 magis
703 1796 932 1849 procedas,
989 1797 1032 1834 in
1073 1798 1294 1848 provincia
1337 1800 1379 1839 S.
1412 1800 1534 1839 Petri

27 1854 205 1894 australi
263 1850 326 1901 (S.
378 1848 516 1890 Pedro
558 1851 612 1890 clo
653 1848 750 1902 Sul)
807 1862 850 1891 et
893 1853 937 1890 in
980 1852 1151 1892 civitate
1193 1854 1351 1892 Montis
1388 1855 1535 1902 videi,

33 1909 273 1963 graminum
303 1908 483 1947 formam
512 1908 715 1948 continuo
758 1916 959 1946 mutatam
1000 1908 1271 1961 conspicies,
1317 1924 1401 1963 quo
1432 1924 1535 1963 pro-

26 1966 126 2019 pior
187 1967 239 2006 εὖ
293 1964 434 2017 polum
481 1964 711 2003 australem
755 1964 914 2003 venias.
996 1966 1151 2017 Jugum
1203 1965 1369 2004 scilicet
1412 1966 1533 2014 illud,

26 2020 141 2076 quod
170 2022 428 2062 maritimum
460 2019 641 2058 diximus
667 2050 676 2066 ,
708 2020 751 2058 in
782 2019 989 2059 limitibus
1021 2020 1270 2072 provinciae
1305 2021 1348 2061 S.
1382 2022 1533 2062 Catha-

24 2078 145 2118 rinae
184 2077 466 2121 australibus,
526 2075 577 2114 ad
630 2075 773 2114 fontes
820 2074 939 2114 fluvii
989 2072 1194 2114 Talna-do
1239 2076 1321 2128 jam
1367 2086 1454 2117 tres
1493 2087 1536 2117 et

26 2133 142 2187 quod
172 2132 344 2174 excedit
373 2130 527 2183 pedum
558 2132 689 2170 millia
719 2132 874 2176 altum,
919 2131 1018 2170 inde
1049 2145 1196 2172 versus
1229 2136 1458 2179 Austrum,
1490 2134 1534 2172 in

25 2189 109 2230 duo
140 2189 315 2230 brachia
345 2187 593 2235 dirimitur,
634 2201 817 2242 quorum
847 2187 1050 2235 alterum,
1100 2188 1235 2227 altero
1268 2188 1421 2234 altius,
1467 2189 1533 2227 in-

24 2253 95 2285 ter
130 2244 305 2285 flumina
342 2241 537 2296 Jacnlzy‘
587 2251 630 2282 et
676 2241 898 2297 Uraezguay·
942 2257 1087 2283 versus
1132 2243 1413 2283 Occidentem
1457 2244 1532 2283 de-

26 2302 188 2350 currit,
229 2301 412 2341 alterum
444 2301 642 2338 Austrum
674 2309 790 2339 recta
821 2300 953 2352 petit,
997 2311 1038 2340 et
1077 2298 1120 2337 in
1161 2300 1293 2338 colles
1328 2300 1532 2352 deprimi-

25 2366 124 2406 tur,
157 2357 219 2397 ibi
251 2353 493 2401 Cockillas,
527 2351 703 2401 Ser-ros,
748 2353 996 2393 Amat-does
1025 2354 1190 2401 dictos,
1234 2356 1306 2408 qui
1348 2356 1531 2403 tandem,

25 2427 109 2468 qua
139 2422 260 2465 parte
292 2412 473 2452 maxime
505 2409 555 2449 ad
585 2410 810 2449 Meridiem
842 2420 1034 2464 vergunt,
1082 2407 1210 2447 Sem-a
1242 2409 1316 2449 dos
1363 2409 1529 2464 'sappes

25 2469 182 2509 incolis
226 2469 440 2508 dicuntur.
511 2467 602 2505 Hae
645 2467 688 2504 in
741 2467 939 2519 regione,
1002 2479 1111 2520 quae
1163 2467 1416 2506 Araucariae
1466 2481 1534 2505 ar-

25 2524 135 2564 bore
163 2524 246 2576 jam
277 2532 419 2570 caret,
468 2531 510 2561 et
551 2523 687 2572 sylvae
734 2535 905 2576 quoque
939 2522 980 2560 in
1013 2520 1307 2575 genere³··fiunt
1338 2523 1526 2562 rariores

27 2583 136 2628 (non
165 2580 249 2620 nisi
278 2581 322 2619 in
352 2578 589 2618 borealiori
620 2586 764 2630 parte,
799 2587 841 2617 et
872 2578 1045 2632 quidem
1077 2577 1182 2616 locis
1215 2578 1413 2630 irriguis,
1457 2591 1531 2617 eo-

27 2636 127 2676 dem
154 2635 307 2681 modo,
341 2648 426 2690 quo
465 2633 622 2673 nostris
669 2633 712 2672 in
754 2635 880 2672 terris
913 2633 1008 2672 Alni
1039 2633 1090 2671 ad
1119 2633 1279 2671 rivulos
1312 2634 1529 2686 dispersae

27 2704 226 2733 crescere
257 2691 398 2732 solent
419 2720 429 2738 ‚
462 2689 663 2737 obviae),
704 2698 745 2727 et
781 2689 998 2743 graminea
1036 2688 1250 2741 vegetatio
1282 2689 1533 2728 nostratium

25 2756 246 2801 pratorum
276 2757 421 2801 typum
449 2745 709 2794 aemulatur,
741 2744 1004 2798 graminibus
1034 2744 1167 2797 magis
1199 2743 1329 2782 dense
1362 2744 1530 2797 stipatis

32 2815 114 2844 nec
142 2812 228 2843 tam
259 2802 443 2845 diversis
474 2800 573 2840 aliis
615 2800 772 2853 plantis
815 2800 1087 2840 intermixtis.
1155 2800 1318 2850 Hyeme
1359 2813 1531 2854 quoque

31 2857 312 2915 rigidiuscula
341 2865 574 2911 urgentur,
604 2855 839 2898 Decembri
880 2869 981 2899 vero
1013 2864 1056 2894 et
1083 2854 1282 2895 Januario
1312 2855 1532 2895 mensibus

99 2931 258 2966 aona
283 2931 468 2963 amsa..
497 2912 557 2960 11.
1001 2917 1062 2963 35
