1788 3183
302 174 589 212 Gnammssixsv
643 174 962 213 Aix-nnopooox.
1022 173 1408 216 Scfflzicmmnm.
1532 175 1615 219 331

108 286 269 332 taceae:
323 291 506 329 inferior
534 290 662 329 dorso
701 292 997 340 canaliculata,
1041 292 1163 346 apice
1200 292 1353 341 bifida,
1398 292 1615 344 binervis,

106 348 251 388 nervis
287 346 509 399 duplicatis
556 346 765 386 viridibus
790 349 952 400 apicem
974 361 1123 389 versus
1147 348 1305 402 glabris
1330 357 1372 388 et
1392 349 1492 389 hinc
1518 349 1618 389 inde

108 404 284 454 ciliati53
332 403 530 455 superior
566 411 684 443 acute
725 405 933 454 carinata,
975 413 1115 452 acuta,
1147 405 1199 443 ad
1230 405 1413 445 carinam
1449 405 1618 453 scabra,

109 459 355 506 uninervis,
389 458 650 511 marginibus
675 460 993 500 membranacea
1025 469 1066 499 et
1099 460 1252 500 ciliata.
1324 462 1620 500 Floseulorum

109 517 299 556 valvulae
334 515 701 562 membranaceae,
735 516 920 555 eiliatae:
964 516 1185 557 inferioris
1216 517 1449 565 (neutrius)
1472 517 1619 565 unica,

108 571 374 627 longitudine
412 572 572 622 gluuiae
609 571 852 618 inferioris,
886 573 1140 622 lanceolata,
1181 584 1320 622 acuta,
1357 573 1477 625 apice
1509 572 1619 610 inte-

111 643 217 682 gro.
250 627 497 672 convoluta,
530 626 722 665 obsoleto
745 627 962 679 binervis3
995 629 1253 681 superioris,
1281 628 1622 682 hermaphroditi

115 693 159 724 et
189 684 395 726 bivalvis,
437 683 595 721 valvula
627 683 807 721 inferior
830 685 1082 731 lanceolata,
1123 686 1375 733 acuminata,
1421 698 1471 723 ex
1501 684 1622 737 apice

117 749 238 780 acute
281 739 412 778 bifido
456 739 657 791 seligi-ra,
714 740 805 791 ipsa
844 740 1012 793 quidem
1057 740 1193 792 gluma
1234 742 1455 794 superiore
1496 740 1623 793 paulo

115 796 312 844 brevior,
347 794 421 833 sed
447 804 555 839 seta,
589 804 632 833 ut
659 795 854 841 diximus,
882 796 972 848 ipsa
1002 795 1128 848 duplo
1157 797 1352 850 longiore
1378 797 1622 843 terminata,

116 852 357 898 uninervis,
394 851 591 902 superior
619 852 763 903 plana,
796 852 967 899 obtusa,
1015 851 1143 904 duplo
1179 853 1356 893 brevior
1388 853 1623 900 inferiore,

115 908 300 948 enervis.
361 907 588 946 Lodiculac
629 908 769 955 albae,
802 908 1164 955 membranaceae,
1196 918 1442 957 truncatae,
1475 909 1520 947 in
1551 923 1624 947 an-

113 965 254 1017 gulum
289 963 479 1015 plicatae.
551 963 734 1002 Stamina
775 963 882 1009 iria,
931 963 1118 1002 antheris
1153 965 1418 1004 aurantiacis.
1477 965 1623 1003 Pistil-

115 1022 200 1059 lum
230 1028 467 1058 structurae
508 1020 670 1057 solitae.
702 1043 755 1048 -—
787 1019 957 1071 Spicula
987 1019 1240 1072 pedieellata
1273 1021 1420 1060 itidem
1454 1018 1623 1060 bissora.

116 1078 264 1116 Gluma
299 1075 482 1113 inferior
521 1075 1001 1127 oblongo-laneeola'taq
1036 1077 1292 1125 acuminata,
1325 1077 1514 1129 integra,
1557 1077 1623 1114 in-

116 1132 396 1186 aequilatera,
442 1131 655 1178 bium-vis,
697 1132 830 1169 altero
870 1132 1000 1170 latere
1034 1132 1185 1171 latiore
1209 1147 1395 1172 nervoso
1419 1133 1623 1179 -striato,

115 1190 249 1228 altero
276 1187 620 1234 membranaceo,
669 1187 787 1239 apice
819 1187 978 1226 ciliata:
1013 1190 1211 1241 superior
1249 1190 1624 1229 lanceolam-aeu-

115 1244 292 1290 minata,
325 1243 531 1290 carinam,
566 1241 808 1281 uninervis.
856 1244 1025 1296 glabra,
1069 1245 1328 1298 marginibus
1365 1245 1627 1283 membrana-

118 1301 206 1340 ceis
229 1298 429 1339 flosculos
455 1300 724 1351 amplectens.
785 1300 1008 1340 Floseulus
1045 1300 1228 1340 inferior
1253 1310 1428 1348 neuter,
1463 1301 1626 1339 uuival-

119 1356 208 1403 vis,
242 1356 405 1396 vali-ula
436 1356 712 1408 longiludinis
750 1357 914 1408 glumae
946 1356 1127 1408 oblonga
1160 1357 1375 1410 cuspidata
1403 1357 1628 1397 convoluta

121 1413 261 1452 eiliata
299 1411 519 1461 uninervi3
566 1412 763 1464 superior
802 1413 1035 1460 masculus,
1078 1413 1283 1461 bivalvis‚
1324 1414 1489 1453 valvula
1519 1412 1628 1451 inse-

122 1469 239 1509 riore
267 1468 553 1521 magnitudine
579 1478 619 1507 et
641 1466 772 1520 ligura
801 1469 972 1507 omnino
1000 1469 1189 1509 valvulae
1210 1469 1426 1518 neutrius,
1459 1469 1526 1509 cui
1554 1482 1630 1522 op-

124 1525 286 1578 posita,
328 1524 550 1576 superiore
591 1524 767 1563 dimidio
797 1525 999 1564 breviore
1027 1526 1262 1565 lanceolata
1291 1535 1432 1570 acuta,
1476 1526 1519 1564 in
1543 1525 1630 1566 Val-

122 1582 217 1622 vula
242 1589 390 1620 neutra
414 1581 584 1619 latente.
646 1581 831 1619 Stamina
856 1581 936 1620 tria
956 1590 1002 1620 ut
1028 1581 1072 1620 in
1099 1581 1461 1635 hermaphrodito.

229 1664 410 1704 Habitat
442 1666 484 1705 in
514 1664 708 1704 Brasilia
738 1666 1005 1706 mzstraliori.
1038 1672 1105 1720 21..
1165 1666 1368 1719 (Sellow.
1419 1687 1474 1697 —-
1533 1665 1630 1708 Vidi

121 1724 166 1764 in
194 1720 328 1762 Herb.
356 1721 463 1776 Reg.
496 1720 668 1774 Berol.)

233 1809 410 1849 Obser
424 1824 462 1848 v.
540 1809 624 1870 Qui
657 1810 839 1862 proximi
878 1819 973 1849 sunt
1010 1809 1388 1864 Andropogon
1405 1823 1427 1849 e
1443 1824 1484 1858 s,
1525 1809 1629 1849 ari—

124 1875 303 1908 status
345 1866 489 1905 Poir.
532 1876 575 1904 et
618 1865 739 1905 sure
753 1875 876 1905 atus
919 1866 1196 1906 Mitihlenh.
1213 1896 1222 1912 ,
1270 1865 1474 1906 differunt
1510 1865 1629 1905 foliis

121 1922 436 1976 angustioribus
460 1922 707 1975 vaginisqus
738 1922 874 1961 minus
898 1922 1064 1975 pilosis,
1097 1926 1306 1976 spicarum
1337 1936 1514 1962 nurnero
1546 1930 1630 1961 ter·

123 1979 243 2018 nario
283 1978 354 2019 vel
399 1978 668 2033 quaternario
718 1979 784 2017 axi
827 1978 963 2018 minus
1003 1979 1197 2033 plumoso
1210 2008 1220 2027 ‚
1275 1979 1452 2034 spiculis
1500 1991 1629 2032 angu—

122 2034 338 2076 stioribus.

556 2169 671 2204 XXX.
707 2167 1135 2206 SCIIIZACHYRIUM.
1165 2173 1190 2215 ’[-

291 2258 339 2312 (8
368 2257 500 2309 wlff,
530 2259 713 2314 findo,
755 2270 799 2303 et
828 2256 977 2313 οἳχυςον,
1015 2261 1213 2318 palea.)

257 2347 428 2395 Char.
477 2361 711 2396 essent.
795 2349 1024 2414 Spiculae
1064 2350 1116 2395 in
1157 2347 1330 2395 rhachi
1373 2345 1629 2393 articulata

126 2414 397 2480 geminatae
438 2413 942 2462 disticho-alternae:
988 2416 1142 2462 altera
1172 2413 1382 2469 sessilis,
1417 2412 1626 2472 bissora3

128 2481 282 2528 altera
326 2478 621 2544 pedicellata
672 2481 945 2528 tabescens.
1024 2481 1227 2527 Glumae
1265 2478 1481 2544 spiculae
1518 2494 1629 2541 per·-

127 2546 287 2593 fectae
331 2546 481 2601 duae,
539 2546 798 2609 aequales,
854 2546 1007 2593 altera
1043 2545 1137 2592 bi·
1173 2546 1324 2592 altera
1363 2542 1627 2589 uninervis.

127 2610 381 2658 Floseulus
430 2622 636 2675 uterque
677 2612 938 2668 univalvis,
985 2612 1186 2660 valvulis
1222 2608 1630 2656 membranaceis:

128 2677 352 2741 superior
378 2676 803 2742 hermaphroditus
820 2711 832 2734 ,
878 2677 1066 2725 valvula
1091 2678 1154 2724 ad
1176 2676 1320 2722 basin
1340 2676 1442 2722 fere
1466 2674 1632 2738 bipar-

130 2743 251 2799 tita,
288 2741 482 2788 laciniis
522 2744 730 2799 strictis,
768 2743 1026 2808 interjecta
1051 2756 1153 2790 seta
1184 2736 1513 2806 (plerumque)
1531 2751 1631 2786 tor-

132 2807 208 2855 tili
249 2809 299 2854 in
334 2807 494 2854 medio
527 2809 829 2871 geniculata3
876 2809 1083 2856 inferior
1118 2819 1290 2855 neuter
1328 2818 1412 2854 aut
1438 2823 1630 2852 mascu-

132 2873 232 2930 lus,
271 2873 459 2922 valvula
491 2874 679 2938 integra
709 2875 985 2924 acuminata
1019 2874 1295 2924 convoluta.
1364 2871 1629 2921 Lodiculae
