1788 3183
72 144 352 187 Gnammma.
409 143 696 185 onsmvfflo
736 158 980 186 eaoromca
1024 161 1078 186 m·
1124 161 1422 192 oeconomica.
1482 159 1589 200 557*

68 273 359 311 asservantur,
415 263 549 302 donec
587 263 721 302 servis
761 263 816 302 sit
851 272 1041 316 tempus,
1096 277 1140 306 ut
1179 282 1305 321 grana
1353 272 1554 314 deterant,

73 319 417 373 Colligendorum
451 328 676 372 granorum
714 331 910 357 numerus
951 335 1052 360 vero
1086 324 1203 362 valde
1241 325 1432 368 diversus
1480 341 1558 377 est,

64 385 191 429 prout
222 376 314 414 loca
355 376 558 428 grauique
592 374 785 413 varietas.
854 377 992 428 Mays,
1043 392 1162 430 quam
1204 378 1362 420 Cadele
1391 396 1555 434 vocant,

65 446 141 471 seu
179 431 318 468 minor
352 430 542 482 species,
595 430 724 467 multo
765 431 960 482 pauciora
1007 446 1134 485 grana
1172 448 1339 488 semper
1376 441 1554 491 profert,

64 501 160 527 eum
186 499 237 524 ex
261 499 344 524 uno
373 499 502 537 grano
527 484 652 523 modo
675 499 778 523 unus
805 486 962 525 culmus
990 490 1218 540 provenire
1251 493 1385 543 solet3
1416 495 1459 533 in
1488 510 1555 535 re-

5 574 9 575 ⁷
60 535 263 596 >gionibus
287 540 563 591 sylvestribus
591 542 717 579 Prov.
753 541 1212 595 Sebastianopolitanae
1244 562 1388 587 semen
1421 551 1558 605 vigin-

67 598 148 637 ties
175 596 382 643 reddere,
416 596 620 644 diximus3
664 596 813 635 similis
844 606 907 635 est
931 612 1128 639 numerus
1154 603 1196 640 in
1230 604 1436 644 Minarum
1460 621 1556 659 pro-

64 653 226 703 vincia;
258 652 333 691 sed
363 653 492 690 multo
524 652 657 703 major
683 652 727 690 in
751 649 892 690 Bahia
924 662 965 692 et
989 656 1219 706 provinciis
1248 662 1557 712 septentriona-

63 709 187 748 libus.
245 711 291 747 ln
317 708 478 761 vulgari
501 708 643 760 specie
670 707 933 760 producendi
964 709 1136 751 facultas
1161 716 1439 767 Aequatorem
1461 732 1556 758 ver-

65 779 134 804 sus
174 765 305 817 magis
341 765 556 817 magisque
603 776 802 803 crescere
841 764 1021 804 videtur.
1088 768 1134 805 In
1170 770 1297 808 Serra
1338 772 1391 811 do
1424 771 1553 827 Mar,

63 819 338 860 feracissimis
362 819 473 872 agris
501 818 747 872 provinciae
769 821 811 859 S.
834 816 987 868 Pauli,
1022 819 1104 860 Rio
1129 823 1180 862 de
1204 823 1379 867 Janeiro
1404 838 1446 868 et
1467 845 1554 871 me-

63 875 340 916 ridioualibus
368 876 576 914 Minarum
609 875 718 914 bona
753 876 902 914 messis
929 876 998 915 illa
1036 879 1167 917 solum
1202 880 1402 935 habetur,
1448 900 1555 941 quae

61 941 230 973 centum
250 940 292 970 et
313 932 614 985 quinquaginta
636 944 762 984 grana
783 944 834 969 ex
857 945 937 970 uno
958 932 1116 972 reddit:
1151 936 1191 973 in
1217 935 1386 992 Campis
1408 938 1554 995 Goya-

61 995 231 1027 tacaies
267 986 485 1026 fertilitate
513 987 678 1039 inclytis
712 1001 837 1025 unum
859 1000 1032 1039 granum
1056 989 1232 1031 ducenta
1258 994 1414 1048 gignit3
1445 1007 1487 1037 et
1511 1000 1555 1039 in

61 1041 318 1083 Maranha'o
344 1053 386 1082 et
413 1041 529 1081 Parti
560 1056 718 1082 messes
754 1042 946 1090 fuerunt,
987 1044 1029 1082 in
1059 1046 1207 1098 quibus
1236 1063 1359 1090 unum
1380 1065 1554 1105 granum

62 1101 243 1140 ducenta
283 1108 325 1138 et
359 1098 659 1153 quinquaginta
688 1107 757 1137 aut
790 1108 1005 1149 trecenta,
1044 1100 1171 1141 immo
1205 1104 1328 1144 etiam
1364 1115 1554 1151 trecenta

63 1165 106 1196 et
128 1156 426 1210 quinquaginta
454 1154 682 1207 produxit,
723 1155 937 1208 multoque
963 1156 1167 1209 largiores
1191 1159 1249 1198 ibi
1270 1172 1435 1211 essent,
1466 1166 1550 1206 nisi

65 1212 301 1258 simiarum,
344 1211 619 1263 psittacorum
657 1209 918 1264 aliorumque
959 1212 1096 1252 avium
1136 1215 1321 1267 agmina,
1361 1232 1556 1260 nonnun-

62 1282 186 1322 quam
223 1267 349 1306 etiam
385 1267 614 1316 formicae,
656 1275 796 1305 terrae
826 1266 988 1306 fructus
1021 1268 1272 1310 minuerent.
1332 1274 1554 1318 Caeterum

61 1323 165 1364 haec
196 1324 335 1376 planta
364 1337 386 1361 a
407 1323 592 1375 parvulis
627 1335 795 1375 quoque
823 1322 1022 1370 insectis,
1054 1324 1096 1362 ni
1120 1326 1258 1374 fallor,
1290 1328 1459 1381 tipulis‚
1493 1333 1553 1372 in-

61 1379 248 1426 vaditur,
281 1391 387 1432 quae
413 1379 592 1418 calamos
614 1386 828 1430 pungunt,
862 1388 903 1417 et
927 1379 1104 1419 collecta
1139 1395 1265 1433 grana
1289 1398 1311 1422 a
1338 1386 1552 1428 Curculio-

58 1435 208 1483 nibus,
251 1434 544 1473 Dermestibus
587 1442 629 1472 et
669 1433 760 1472 aliis
798 1434 1033 1474 scarabaeis
1068 1437 1312 1478 erocluntur.
1384 1442 1441 1481 Hi
1473 1444 1551 1484 ini-

58 1491 158 1531 mici
196 1490 502 1544 quodammodo
546 1489 768 1542 prohiberi
812 1489 868 1528 ita
904 1501 1104 1543 possunt,
1155 1502 1200 1532 ut
1240 1495 1431 1547 spadices
1469 1514 1550 1540 una

59 1560 153 1587 cum
178 1547 318 1600 granis
356 1546 397 1585 in
424 1545 581 1598 spathis
602 1545 715 1598 juxta
740 1544 898 1584 fumum
919 1547 986 1586 vel
1012 1546 1055 1585 in
1081 1547 1176 1587 loco
1205 1551 1294 1589 aeri
1323 1553 1446 1605 plane
1478 1568 1550 1595 ex-

58 1603 199 1656 posito
241 1601 572 1656 suspendantur,
625 1600 739 1654 quod
775 1601 943 1654 quidem
979 1602 1023 1640 in
1060 1618 1186 1656 parva
1231 1606 1358 1647 totius
1401 1612 1552 1651 messis

57 1667 176 1711 parte
201 1659 335 1697 solum
360 1658 552 1697 adhiberi
576 1657 725 1710 possit.
783 1657 996 1696 Interdum
1019 1660 1232 1711 granicula
1257 1663 1379 1702 etiam
1399 1666 1551 1706 morbo

57 1714 248 1753 uredinis
289 1714 401 1767 nigri
433 1722 716 1766 occupantur,
759 1712 794 1751 si
823 1714 996 1766 gravior
1024 1724 1162 1755 aestus
1196 1717 1317 1757 simul
1349 1733 1441 1760 cum
1477 1722 1551 1762 im·

55 1769 203 1809 bribus
231 1770 387 1810 diutius
409 1770 591 1822 ingruit,
635 1778 703 1808 aut
737 1769 923 1822 agricola
967 1772 1252 1823 stagnantibus
1280 1775 1399 1828 aquis
1426 1775 1550 1817 efflu-

58 1826 123 1867 via
158 1826 259 1865 dare
301 1826 494 1878 negligit.
563 1825 778 1864 Formicas
816 1825 997 1877 plantam
1026 1839 1244 1880 aggressas
1279 1830 1401 1884 igne,
1432 1832 1549 1875 fumo

54 1882 123 1922 vel
150 1896 257 1935 aqua
284 1881 428 1921 delere
455 1894 631 1920 necesse
659 1890 734 1920 est.
795 1880 849 1919 Ut
871 1894 995 1929 aves,
1029 1883 1173 1922 simiae
1211 1885 1399 1940 aliaeque
1430 1888 1550 1931 ferae

54 1937 279 1992 fugentur,
324 1937 456 1976 seduli
493 1937 642 1976 rustici
680 1936 878 1976 excubias
924 1937 1130 1991 agendas,
1172 1939 1293 1993 ignes
1332 1953 1460 1985 noctu
1486 1949 1545 1985 in-

55 1993 298 2035 cendendos
323 2003 391 2032 aut
413 1992 639 2032 manducos
671 1993 926 2045 crepitantes
956 1995 1199 2034 statuendos
1232 2007 1392 2040 curant.

165 2051 212 2088 In
240 2049 457 2088 emendata
480 2050 589 2088 Zeae
624 2049 782 2088 cultura
808 2049 1016 2101 *imprimis
1052 2051 1178 2089 aratri
1206 2051 1394 2094 inductio
1426 2057 1545 2109 poni-

52 2115 123 2148 tur
140 2135 152 2155 ,
182 2106 296 2159 quod
317 2119 466 2158 magno
490 2119 581 2145 cum
605 2103 857 2158 compendio
887 2113 927 2143 et
951 2106 1149 2157 temporis
1173 2116 1215 2146 et
1242 2122 1466 2162 operarum
1495 2111 1544 2150 acl

54 2161 279 2201 serendum
315 2162 454 2201 sulcos
476 2174 601 2214 agere
628 2161 776 2213 possit.
843 2160 1002 2203 Verum
1036 2160 1260 2202 dolendum
1297 2174 1381 2213 est,
1423 2167 1547 2206 modo

52 2218 208 2272 passim
242 2217 324 2258 hoc
358 2218 462 2257 utile
500 2218 820 2256 instrumentum
857 2216 903 2255 in
936 2217 1167 2269 provinciis
1201 2220 1545 2263 meridionalibus

53 2274 97 2312 in
118 2288 196 2313 usu
217 2286 339 2324 esse,
384 2273 457 2312 ubi
487 2272 654 2312 facilius
687 2272 854 2325 quidem
893 2271 1085 2311 adhiberi
1115 2283 1279 2325 potest,
1326 2277 1438 2329 quod
1478 2292 1544 2317 so-

47 2329 137 2368 lum
165 2329 299 2368 minus
336 2329 554 2382 inaequale
592 2338 738 2382 totque
780 2328 940 2367 truncis
973 2337 1015 2366 et
1045 2328 1257 2368 radicibus
1289 2345 1373 2370 non
1402 2342 1543 2386 putre-

50 2385 176 2425 factis
207 2399 291 2424 non
330 2385 604 2438 perstrictum
645 2392 733 2431 est,
777 2397 898 2437 quam
927 2383 970 2421 in
1005 2384 1116 2436 agris
1147 2385 1353 2436 sylvarum
1383 2389 1544 2443 primae

51 2441 355 2494 exstirpatione
378 2441 523 2494 partiS.
593 2441 788 2479 Aratrum
830 2438 968 2491 Maydi
997 2439 1199 2478 colendae
1250 2442 1392 2482 utilius
1431 2455 1543 2484 esset

52 2511 175 2552 quam
203 2498 383 2537 caeteris
406 2495 678 2546 Cerealibus,
711 2494 822 2548 quod
851 2494 963 2532 illius
991 2494 1206 2548 longiores
1228 2496 1390 2537 radices
1419 2499 1541 2540 altius

50 2553 186 2593 solum
218 2553 405 2608 exigunt.
461 2554 654 2605 Magnam
682 2551 901 2589 utilitatem
924 2550 1071 2596 etiam,
1116 2552 1366 2603 praesertim
1394 2554 1437 2593 in
1459 2564 1541 2594 ste-

51 2608 271 2648 rilioribus
293 2609 428 2662 plagis
443 2637 452 2655 ,
485 2609 630 2662 quales
666 2606 708 2644 in
732 2606 866 2645 Minas
895 2614 936 2645 et
958 2606 1128 2645 omnino
1154 2606 1196 2643 in
1219 2608 1374 2659 campis
1396 2609 1540 2656 siccis-

50 2676 133 2719 que
169 2664 297 2718 sylvis
342 2663 549 2715 Calingas
595 2663 891 2708 inveniuntur,
944 2660 987 2699 in
1023 2660 1280 2714 adquirenda
1319 2664 1402 2703 Zea
1433 2674 1540 2705 ster-

47 2720 211 2761 coratio
243 2718 446 2770 afferret3
485 2719 634 2758 multas
667 2718 778 2757 enim
811 2716 1010 2770 regiones
1042 2716 1123 2756 hoc
1155 2716 1257 2755 utile
1284 2716 1541 2761 frumentum

45 2775 182 2817 adhuc
202 2788 288 2815 non
311 2776 488 2829 gignere
515 2782 704 2820 constat,
747 2771 1089 2826 proptereaquod
1123 2772 1353 2813 incolarum
1389 2776 1540 2817 inertia

44 2832 179 2873 solum
212 2831 519 2873 stercoratione
563 2839 605 2871 et
635 2829 861 2871 novatione
889 2839 1142 2885 praeparare
1161 2827 1362 2883 neglexit.
1420 2831 1536 2872 cala.
