1788 3183
534 148 711 188 Gumis
720 161 816 187 ms.
867 150 1108 190 Puram&
1518 154 1574 194 37

61 277 288 310 tenuato
325 279 347 305 e
379 266 495 306 tribu
521 266 955 319 Digitariarum,
987 269 1062 308 sed
1088 268 1278 321 apiculae
1304 269 1472 311 ciliatae
1495 271 1573 311 hu-

57 325 123 380 jus
153 338 247 365 esse
273 323 357 363 loci
384 323 653 375 persuadent.
712 325 896 372 Maxime
923 324 1170 366 distinctum
1196 326 1246 365 ab
1274 326 1472 367 omnibus
1505 327 1571 367 so—

58 381 129 423 liis
155 381 277 435 apice
300 378 442 418 bifidis
459 392 468 417 :
485 400 538 409 -—-
586 394 635 418 an
663 389 764 419 nota
787 390 1005 421 constante
1019 380 1039 420 ‘3

368 462 467 494 ,21,
513 467 818 498 PASPALUS
862 469 1155 506 EUGOMUS.
1185 463 1211 505 ’ζ’

169 528 219 567 P.
261 525 394 579 spicis
439 524 645 564 solitariis
689 527 952 578 geminisve,
1003 527 1152 566 rhachi
1186 526 1310 581 plana
1344 527 1571 581 adpresso·

58 584 301 625 subhirsuta
338 581 513 634 spiculis
549 582 756 620 solitariis
795 583 973 632 latiore,
1017 584 1171 635 glumis
1209 584 1406 624 obovatis
1445 584 1570 623 undi-

60 655 143 697 que
170 638 317 679 lanatis
347 637 564 689 superiori
592 638 760 677 binervi
779 668 788 686 ‚
831 639 951 678 soliis
975 638 1168 678 hirsutis.

168 704 306 746 Radix
327 718 510 757 repens,
541 704 772 756 caespitem
799 705 1012 751 emittens,
1042 706 1162 745 {ibris
1183 704 1382 745 tenuibus
1406 703 1570 744 flexuo-

58 763 118 803 sis
157 761 304 801 fuscis.
382 759 518 800 Culmi
553 760 698 812 plures
732 761 844 812 1{——
866 774 888 799 ¹3
925 762 1058 814 pedes
1091 763 1186 810 alti,
1235 761 1433 801 crassitie
1466 775 1570 813 pen-

58 833 138 859 nae
167 816 460 863 columbinae,
501 817 659 863 erecti,
696 817 941 869 simplices,
982 826 1167 864 teretes,
1209 818 1371 867 striati,
1416 817 1570 870 glabri,

59 875 181 914 basin
219 887 365 912 versus
393 871 650 911 multinodes
682 882 725 911 et
753 873 832 912 toti
867 873 1031 926 vaginis
1067 873 1327 913 internodiis
1360 872 1570 925 longiori-

58 931 137 970 bus
168 929 363 969 involuti.
423 928 611 981 Vaginae
638 937 755 968 arcte
781 930 1046 977 convolutae,
1078 939 1192 969 totae
1219 944 1301 968 una
1328 942 1423 967 cum
1448 928 1570 968 foliis

60 1001 83 1026 e
115 985 352 1028 tuberculis
378 984 713 1023 hirsutissimae:
760 1000 983 1039 supremae
1010 986 1151 1025 laeves
1183 995 1224 1025 et
1253 985 1349 1024 scre
1378 984 1568 1038 glabrae.

57 1043 211 1096 Ligula
248 1040 392 1080 brevis
435 1041 781 1080 lacero-ciliata.
859 1042 982 1081 Folia
1024 1041 1167 1080 infima
1203 1040 1226 1082 (J
1250 1047 1344 1083 —8
1383 1040 1569 1094 pollices

55 1100 208 1151 longa,
242 1111 264 1136 2
288 1096 423 1135 lineas
450 1097 553 1145 lata3
584 1097 721 1136 media
745 1097 900 1150 ξιξ-4
925 1098 1104 1151 pollices
1123 1099 1273 1151 longa,
1305 1096 1454 1149 plana,
1487 1097 1570 1135 sic-

55 1157 182 1196 citate
223 1155 471 1202 convoluta,
523 1153 978 1201 lineari-acuminata,
1022 1154 1213 1203 hirsuta;
1261 1166 1469 1192 summum
1499 1152 1570 1192 vix

55 1212 293 1260 bilinearc,
344 1208 603 1260 subulatum,
649 1209 856 1262 glabrum.
929 1210 1101 1250 Culmus
1135 1211 1211 1249 sub
1247 1209 1378 1262 spicis
1415 1207 1566 1257 nudus,

54 1276 201 1315 teres,
233 1265 401 1311 tenuis,
432 1265 594 1318 glaber.
654 1266 807 1319 Spicae
833 1265 1050 1306 solitariae
1074 1267 1139 1307 vel
1168 1266 1389 1319 geminae,
1439 1270 1569 1312 2—-4

53 1324 308 1378 pollicares‚
366 1321 389 1360 3
429 1323 562 1361 lineas
594 1323 727 1361 latae:
770 1322 963 1375 juniores
1000 1331 1041 1362 et
1073 1336 1180 1377 quae
1206 1321 1434 1361 breviores
1470 1328 1570 1359 sunt

55 1389 242 1429 erectae3
274 1378 493 1431 longiores
520 1388 616 1432 post
640 1378 835 1417 anthesin
858 1378 1042 1418 reflexae
1071 1388 1113 1418 et
1140 1377 1427 1423 subarcuatae‚
1460 1376 1567 1416 mol-

54 1437 142 1484 les,
176 1435 267 1475 basi
298 1435 513 1472 barbatae.
583 1435 770 1478 Rhachis
794 1436 970 1488 propria
998 1435 1153 1474 lincam
1176 1434 1278 1480 lata,
1312 1433 1460 1487 plana,
1494 1433 1567 1471 ad-

53 1490 514 1548 presso-subbirsuta,
568 1492 760 1544 margine
805 1491 1002 1544 repanda.
1089 1490 1291 1544 Spiculae
1329 1489 1565 1537 solitariae,

57 1548 312 1590 densissime
352 1546 551 1585 bifariam
596 1547 868 1594 imbricatae,
929 1549 1158 1594 obovatae,
1217 1546 1375 1585 lineam
1411 1545 1565 1598 longae

58 1604 165 1658 (nisi
192 1604 327 1642 lanam
357 1603 708 1653 computaveris).
777 1604 953 1644 Glumae
987 1604 1101 1643 inter
1135 1617 1179 1642 se
1209 1611 1253 1641 et
1281 1600 1462 1641 flosculo
1494 1614 1566 1650 ae-

58 1660 233 1716 quales,
268 1659 495 1698 obovatae:
535 1659 720 1698 inferior
745 1673 816 1698 seu
842 1660 1005 1712 postica
1032 1673 1179 1713 parum
1207 1671 1421 1706 convexa,
1467 1670 1566 1696 acu-

53 1716 262 1762 tiuscula,
302 1714 527 1761 trinervis,
570 1715 713 1754 nervis
736 1715 984 1754 lateralibus
1010 1715 1248 1762 subfuscis‚
1292 1714 1436 1753 medio
1465 1727 1565 1766 per-

55 1772 198 1820 tenui,
230 1771 385 1809 vestita
405 1771 496 1808 lana
522 1770 822 1811 candidissima
846 1772 1061 1824 fastigiata
1082 1770 1273 1820 ejusdem
1298 1769 1392 1808 fere
1422 1769 1563 1823 longi-

51 1828 215 1869 tudinis
238 1826 512 1879 divergente,
563 1827 613 1865 ad
639 1827 852 1880 margines
883 1829 1059 1866 multum
1088 1827 1385 1876 increscente3
1436 1839 1564 1879 supe-

49 1886 145 1926 rior
169 1898 201 1923 s.
225 1882 363 1922 antica
389 1883 561 1930 obtusa,
603 1883 821 1929 binervis,
866 1884 1010 1923 nervis
1035 1884 1195 1933 fuscis,
1231 1882 1324 1921 lana
1352 1881 1562 1936 ejusmodi

53 1951 95 1982 at
125 1940 326 1979 breviore
353 1937 559 1991 praedita.
635 1939 859 1978 Flosculus
890 1939 1122 1987 obovatus,
1168 1939 1368 1985 obtusus,
1412 1938 1561 1986 laevis,

50 1997 229 2038 nitidus.
296 1995 512 2034 Anthi-rae
546 1994 703 2034 fulvae.
775 1997 982 2051 Stigmata
1014 2009 1245 2050 purpurea.
1324 1994 1561 2035 Lodiculae

51 2066 234 2109 parvae,
266 2051 540 2098 latiusculae,
572 2060 806 2091 truncatae.

161 2116 344 2157 Habitat
376 2116 421 2155 in
451 2115 646 2156 Brasilia
677 2117 951 2158 azzstraliore.
998 2115 1216 2169 (Sellow.)
1266 2120 1333 2170 21..
1388 2115 1484 2157 Vidi
1515 2115 1557 2157 ἰη

47 2173 182 2217 Heri),
206 2173 317 2228 Reg.
340 2171 491 2213 Berol.

159 2245 386 2287 Observ.
445 2244 673 2284 Proximus
701 2245 936 2298 Paspalo
968 2245 1304 2299 polyphyllo,
1334 2247 1383 2285 P.
1406 2247 1560 2284 Hum-

50 2302 341 2344 boldtiano
374 2310 415 2339 et
446 2302 490 2339 P.
523 2301 989 2356 blepharophoro‚
1024 2302 1253 2353 (efiinsrae
1288 2317 1350 2354 sp.
1378 2301 1443 2341 26.
1470 2301 1557 2353 27.)

52 2375 75 2400 a
106 2359 261 2414 quibus
288 2357 452 2397 cunctis
479 2356 628 2397 differt
653 2358 791 2410 gluma
818 2373 898 2398 una
923 2368 966 2398 et
996 2358 1130 2397 altera
1167 2359 1357 2413 undique
1393 2359 1557 2405 lanatis,

52 2425 277 2469 praeterea
303 2413 353 2451 ab
389 2413 464 2451 illo
499 2413 646 2463 priore
675 2413 878 2453 soliorum
912 2415 1051 2454 forma
1086 2423 1129 2454 et
1163 2415 1301 2454 culmo
1344 2414 1557 2466 simplice,

53 2472 106 2512 ab
130 2470 198 2510 his
220 2469 395 2523 spiculis
422 2469 601 2509 dimidio
624 2469 863 2510 minoribus
886 2470 1176 2511 brevioribus.
1237 2470 1404 2512 ouibus
1432 2469 1558 2509 diffe-

52 2536 121 2568 rat
146 2541 169 2566 a
190 2525 607 2621 binisbsequentibus
632 2526 755 2566 allata
776 2527 997 2582 Paspali
1027 2526 1232 2582 guttati
1253 2510 1383 2567 xTrin.
1409 2525 1561 2567 defini-

51 2584 174 2625 tione
205 2591 303 2637 pate
339 2582 381 2622 it.

417 2667 475 2701 22·
518 2670 813 2702 PASPALUS
859 2671 1195 2702 GUTTA'1·US.

163 2729 214 2768 P.
244 2728 377 2783 spicis
411 2728 626 2768 subternis
663 2729 958 2784 subdigitatis,
1013 2729 1161 2768 rhachi
1199 2728 1561 2782 plano-carinata

53 2783 290 2828 flexuosula
333 2785 478 2840 glabra
522 2785 779 2838 spicularum
820 2786 1107 2826 solitariarum
1145 2786 1369 2825 latitudine
1404 2786 1560 2840 glumis

54 2843 190 2884 ovatis
221 2842 356 2881 acutis
389 2842 503 2881 intus
534 2842 1025 2896 sanguineo—punctatis
1051 2842 1240 2899 undique
1264 2842 1416 2883 lanatis
1446 2851 1559 2883 utra-

56 2912 142 2959 que
165 2897 371 2952 minervi„
401 2897 523 2939 soliis
546 2898 869 2940 subconvolutis
889 2898 1083 2940 hirsutis.
