1788 3183
231 178 314 218 500

232 295 367 357 Quam
403 293 481 332 tibi
513 291 738 331 flamineus
783 293 897 344 large
933 293 1211 334 madefecerit
1254 295 1429 345 humor,

233 365 468 411 Sace-hara,
501 372 544 403 et
571 362 782 415 oblongos
815 362 917 409 (nisi
953 365 1154 403 straveris
1188 368 1303 414 ante)
1336 367 1503 406 canales

232 437 386 475 Sterne
417 435 531 481 solo,
565 433 637 487 qui
674 432 798 470 mella
831 434 925 471 sinu
952 433 1113 473 ssuxura
1150 445 1401 489 receptent,

230 505 483 560 Ell'osisque
517 503 599 542 alte
625 503 796 555 jubeant
822 513 1013 556 stagnare
1047 506 1220 545 lacunis.

229 579 421 630 Namque
461 574 532 614 ubi
567 573 841 621 sacebareos,
875 574 1040 627 lympha
1070 586 1284 624 vectante,
1316 593 1512 621 recessus

230 650 364 687 Lenta
398 639 535 693 subit,
570 645 812 698 sensimque
838 659 985 684 omnes
1018 646 1166 699 argilla
1193 657 1354 689 meatus

234 718 421 759 Affrictu
458 717 589 763 laxat,
623 715 754 755 sudor
782 713 875 753 fluit
913 716 1104 770 undique
1142 717 1245 755 rivis

229 789 436 836 Melleus‚
469 797 510 827 et
532 786 662 839 ssavos
688 787 884 826 emittunt
915 786 1112 825 saechara
1136 788 1317 826 nimbos.

229 862 285 899 At
315 873 440 908 cave,
472 872 525 897 ne
551 867 711 905 totam,
745 866 897 911 quauta
932 865 1021 903 est,
1054 857 1213 897 undare
1246 858 1433 899 lacunam

228 930 496 984 Replerique
532 928 669 968 sinas:
702 928 911 981 placidam
934 942 1105 968 servare
1131 929 1321 983 quietem

229 1002 368 1054 Saepe
405 1000 515 1039 latex
550 999 718 1047 nescit,
751 999 970 1053 fundoque
1001 1000 1185 1052 assurgit
1212 1001 1262 1039 ab
1291 1000 1378 1040 imo

228 1073 464 1124 Spumeus,
497 1078 624 1124 atque
653 1069 770 1109 datos
801 1069 926 1108 audet
962 1070 1264 1108 transcendere
1302 1070 1423 1110 fines.

227 1142 343 1182 Huic
380 1151 518 1180 tamen
545 1150 610 1180 est
644 1140 861 1180 medicina
897 1140 1030 1188 malo,
1062 1141 1272 1195 furiisque
1312 1142 1532 1183 domandis

233 1212 439 1252 Proderit
467 1226 672 1264 expresso
703 1211 898 1265 guttatim
931 1225 1158 1263 aspergere
1197 1212 1329 1259 citro,

230 1285 336 1323 Cum
380 1282 506 1330 furit,
548 1282 794 1329 humorem,
842 1281 979 1320 donec
1027 1282 1185 1320 sensim
1237 1294 1446 1336 excoquat
1491 1284 1619 1330 iram,

226 1355 284 1393 Et
315 1353 459 1405 posito
496 1353 661 1392 clausus
693 1353 826 1392 diseat
862 1351 1141 1404 requiescere
1174 1362 1303 1391 motu.

343 1426 448 1464 Cum
478 1423 645 1462 tandem
684 1424 864 1474 abrupto
898 1422 1124 1461 cessabunt
1162 1423 1357 1462 sacchara
1393 1423 1535 1475 ssuxu,

227 1495 437 1548 Nullaque
468 1493 715 1546 subpositos
745 1494 930 1546 intinget
958 1503 1072 1547 gutta
1106 1493 1300 1540 canales,

227 1570 416 1618 Tempus
444 1573 487 1603 et
510 1564 688 1617 argillae
714 1574 872 1602 crustas
889 1593 900 1613 ,
934 1577 1225 1618 quaecumque
1255 1575 1507 1617 supersunt,

225 1637 419 1681 Vellere,
453 1643 496 1675 et
525 1644 675 1674 exacte
710 1649 890 1673 summas
915 1635 1162 1688 abstergere
1189 1645 1336 1674 metas.

228 1710 322 1747 Non
363 1707 463 1746 satis
497 1705 625 1745 haec:
681 1715 778 1759 apto
823 1706 929 1744 male
981 1706 1158 1744 candida
1213 1706 1408 1745 sacchara
1446 1705 1564 1748 ferro

226 1779 291 1818 Ad
325 1778 507 1830 palmum
542 1776 748 1824 effodies,
783 1776 1066 1830 effossamque
1101 1776 1287 1830 undique
1325 1777 1435 1816 vasis

227 1851 274 1888 In
306 1848 411 1887 libra
445 1848 646 1896 didaces,
679 1857 839 1886 structo
867 1849 980 1887 velut
1008 1861 1190 1902 aggere,
1223 1862 1414 1887 massam.

227 1919 298 1960 Sic
336 1919 484 1958 faciles
521 1918 658 1957 aditus
687 1918 904 1957 humentia
941 1919 1137 1958 sacchara
1165 1917 1373 1971 praebent

225 1989 350 2038 A'eri‚
385 1998 428 2028 et
461 1989 679 2028 imbibitas
715 1989 909 2028 exhalant
933 1989 1172 2041 promptius
1210 1988 1354 2027 undas.

224 2063 361 2108 Tum,
395 2070 617 2113 postquam
649 2060 823 2100 veniens
853 2069 918 2099 ter
953 2059 1108 2113 pandet
1138 2059 1313 2098 Lucifer
1343 2057 1490 2098 orbem
1511 2087 1522 2107 ,

226 2131 385 2170 Cuncta
416 2130 504 2169 suis
537 2144 746 2184 compone
784 2130 914 2178 loeis,
949 2143 1276 2183 compressaque
1307 2143 1456 2168 rursus

223 2202 345 2255 Unge
377 2200 486 2239 lutu:
519 2209 560 2239 et
596 2201 765 2255 quoties
806 2201 887 2240 tibi
921 2201 1088 2241 claudet
1125 2201 1292 2253 Vesper
1327 2200 1577 2253 Olympum,

226 2272 420 2323 Pei-gere
457 2270 608 2311 fovere
640 2285 784 2318 manu,
817 2272 1021 2324 tenuique
1053 2271 1196 2325 rigare
1231 2269 1405 2311 fluento.

226 2342 306 2381 Ast
335 2341 407 2380 ubi
438 2341 703 2381 sacchaream
734 2339 830 2380 fieri
861 2342 922 2382 sie
953 2355 1050 2381 vase
1080 2342 1288 2381 minorem

224 2412 421 2464 Aspicies
451 2421 630 2459 metam,
675 2421 720 2451 ut
750 2413 886 2464 palmo
916 2412 1172 2460 subsiderit,
1204 2412 1335 2452 undas

223 2481 395 2521 Addere
425 2496 552 2535 paree
582 2496 733 2530 novaS,
767 2483 949 2522 residem
981 2484 1131 2536 procul
1161 2483 1298 2537 abjice
1330 2492 1512 2533 cretam,

223 2552 280 2591 Et
306 2552 428 2600 sine,
461 2552 613 2591 dilutas
646 2552 835 2592 emittant
866 2553 1062 2593 sacchara
1092 2553 1256 2602 faeces,

225 2621 365 2677 Atque
397 2636 514 2661 suum
546 2622 744 2671 redeant,
777 2624 942 2676 lympha
970 2615 1210 2672 minuente,
1246 2625 1447 2679 rigorem.

334 2694 500 2731 Interea
530 2693 729 2747 recoqui,
772 2693 808 2733 si
838 2694 950 2733 sorte
979 2694 1161 2748 juvabit,
1194 2696 1340 2734 alienis

222 2764 349 2803 Mella
380 2763 499 2816 prius
530 2764 708 2803 collecta
736 2763 860 2817 jube;
892 2778 1180 2819 concussaque
1210 2776 1325 2805 motu

221 2834 422 2882 Assiduo,
456 2847 551 2874 cum
578 2834 701 2889 pigra
730 2832 886 2883 fluent,
926 2835 1002 2875 sub
1034 2850 1129 2877 vasa
1158 2840 1366 2881 recondes
