1788 3183
553 186 838 229 Gmmmzm.
897 186 1060 228 Avsm.
1479 194 1532 237 45
1544 196 1572 237 7

184 308 401 350 Trisetum
433 317 475 349 et
504 308 657 348 Avena.
705 305 838 346 Palis.
866 306 918 346 de
947 305 1115 345 Beanv.
1142 304 1323 360 Agrost.
1358 323 1402 360 p.
1441 318 1491 356 38
1533 319 1575 350 et

239 366 307 417 89.
340 371 368 403 t.
400 362 580 404 XVIII.
608 360 653 417 s.
691 380 703 402 ι
740 371 779 402 et
810 366 848 405 5.
893 362 949 403 Η.
981 369 1021 403 et
1055 360 1154 404 Scb.
1185 366 1227 405 S.
1269 367 1310 404 V.
1343 366 1403 404 II.
1429 380 1469 418 μ.
1503 366 1571 421 3q.

239 418 393 461 Mam.
431 422 493 459 II.
519 435 564 474 ρ.
602 434 648 472 iq
678 427 717 458 et
746 420 813 460 32.

180 491 415 531 Trisetaria
443 492 517 541 (Ξ
530 489 783 541 Trisetum.)
822 487 974 528 Forsk.

207 576 411 643 Spicula
442 576 527 622 bi·
539 576 816 625 multiflora.
889 576 1091 622 Glumae
1126 575 1432 638 inaequales,
1472 577 1580 623 her-

76 641 263 689 baceo·
274 654 478 688 tenues:
535 643 760 716 superior
803 641 973 688 saltem
1006 641 1221 687 flosculis
1254 642 1470 703 longior5
1509 643 1583 688 in-

77 706 232 755 ferior
255 708 373 753 uni·
355 708 752 763 -novemnervis,
803 707 1026 770 superior
1068 707 1162 752 lri-
1174 706 1582 754 undecimnervis.

77 772 416 819 Flosculorum
458 772 645 819 valvula
696 772 902 818 inferior
954 771 1581 835 quinque-septemnervis‚

78 837 332 884 bidentata
363 837 437 885 vel
475 837 659 892 hiseta,
708 838 856 884 dorso
889 837 964 882 vel
1001 837 1126 882 infra
1158 837 1348 901 apicem
1382 839 1582 884 aristam

82 903 307 949 emittens
353 919 498 966 saepe
530 902 855 965 geniculatam
892 902 1098 965 basique
1134 913 1335 958 tortam,
1375 903 1423 947 in
1458 922 1582 950 non-

78 968 226 1014 nullis
270 985 366 1013 una
417 985 527 1014 cum
571 968 645 1013 axi
686 967 1086 1030 strigoso-hirta.
1165 967 1380 1014 Flosculi
1418 970 1585 1016 termi-

79 1034 216 1081 nales
254 1050 398 1097 saepe
431 1033 732 1096 imperfecti,
769 1032 936 1078 mutiei
968 1033 1042 1079 rel
1071 1032 1366 1079 suharistati.
1436 1035 1587 1082 Jiodi-

82 1099 220 1145 culae
277 1098 706 1152 membranaceae,
772 1098 1085 1153 bidentatae,
1157 1100 1303 1144 dente
1357 1101 1584 1146 exteriori

82 1164 325 1227 elongato.
398 1163 616 1211 Stamina
658 1162 763 1209 tria.
835 1164 1047 1210 Germen
1083 1162 1293 1226 pilosum
1305 1182 1320 1224 3
1360 1166 1585 1227 stigmata

79 1230 305 1293 plumosa
316 1247 331 1288 3
369 1228 483 1292 styli
508 1229 694 1275 breves.
766 1229 1029 1293 Caryopsis
1065 1240 1291 1291 angusta,
1340 1231 1585 1277 canalicu-

81 1295 207 1351 lata,
243 1294 396 1350 hirta,
431 1293 618 1342 valvula
639 1293 810 1342 velata.

217 1374 613 1420 Inssoreseentia:
666 1373 895 1440 panicula
946 1373 1247 1437 composita,
1316 1373 1465 1420 effusa
1511 1376 1587 1422 vel

86 1451 364 1496 contracta,
401 1440 620 1503 aequalis
651 1439 726 1485 vel
761 1438 990 1485 secunda.
1063 1438 1290 1502 Spiculae
1334 1440 1587 1489 nitidulae.

549 1581 579 1613 l·
619 1585 816 1615 AVENA
852 1585 1131 1615 IIIRSUTA.

195 1675 244 1715 Α.
266 1675 464 1729 panicula
495 1676 633 1729 patula
661 1675 774 1724 laxa,
808 1675 963 1730 glumis
994 1675 1068 1715 hi·
1081 1673 1285 1723 tristeris,
1318 1673 1508 1714 flosculis
1539 1676 1592 1715 li-

86 1731 289 1771 nearibus
312 1734 435 1787 apice
459 1733 611 1772 bisetis
637 1732 748 1771 insta
772 1733 958 1771 medium
983 1732 1185 1787 utrinque
1218 1731 1450 1788 :bachique
1477 1732 1594 1772 albo-

85 1787 289 1835 hi1sutis,
321 1790 451 1830 arista
482 1789 641 1830 dozsali
667 1788 929 1843 geniculata,
972 1788 1090 1828 foliis
1118 1787 1352 1827 linearibus
1383 1788 1596 1832 scabrius-

86 1844 206 1885 culis.

203 1916 348 1956 Avena
377 1915 566 1964 hirsuta,
598 1914 716 1954 Roth
751 1912 892 1953 Cata?
928 1915 1012 1954 bot.
1047 1912 1135 1953 III.
1174 1928 1221 1967 ρ.
1262 1927 1324 1963 iq.
1356 1911 1398 1952 R
1434 1920 1473 1952 et
1499 1912 1598 1965 Sch.

256 1968 299 2011 S.
335 1969 382 2012 V.
409 1969 527 2025 ILp
581 1969 863 2023 ὀ7ο.]11αηί.
898 1968 1035 2024 ILp.
1076 1970 1171 2021 371.
1204 1967 1278 2008 M.
1312 1983 1339 2022 a
1377 1967 1499 2008 Βίεἶ).
1528 1968 1595 2009 Fl.

261 2024 312 2066 T.
343 2025 475 2066 Cauc.
499 2026 585 2066 ΙΙΙ.
601 2043 646 2081 p.
669 2027 736 2067 83.
768 2024 903 2067 Link
925 2024 1015 2066 En.
1036 2024 1092 2065 H.
1118 2024 1221 2066 Ber.
1242 2023 1280 2066 I.
1299 2040 1345 2080 p.
1370 2027 1435 2066 81.
1467 2023 1596 2066 Linh.

255 2080 311 2121 H.
341 2081 443 2123 Ber.
468 2081 505 2123 I.
528 2098 574 2138 p.
613 2099 699 2122 ιιι.

200 2155 346 2194 Avena
373 2155 572 2205 barbata,
605 2153 730 2194 Brut.
762 2150 832 2193 Pl.
855 2149 1003 2191 Lusit.
1026 2166 1070 2206 p.
1103 2152 1192 2193 108.

203 2227 349 2265 Avena
378 2226 529 2265 villosa
550 2255 563 2274 ‚
590 2222 783 2276 Lagasc.
813 2223 926 2262 ined-

202 2298 349 2335 Avena
379 2296 685 2351 sesquitertia,
716 2293 895 2335 Hortul.

205 2363 388 2404 Habitat
422 2365 479 2404 ad
514 2363 704 2405 [Uonte-
725 2365 868 2405 Video.
907 2363 1101 2415 (Sellow.
1144 2383 1198 2393 —·
1248 2362 1339 2403 Vidi
1381 2363 1425 2403 ῐη
1465 2362 1596 2405 Ilerb.

90 2420 202 2472 Reg.
223 2420 397 2473 Herol.)
426 2445 481 2453 --
510 2420 564 2460 In
589 2420 794 2475 Europae
827 2420 980 2461 cultis:
1026 2421 1140 2459 circa
1169 2419 1386 2470 Genuam,
1423 2419 1599 2474 (Rom.)

91 2478 134 2518 in
177 2475 420 2529 Hcspania,
462 2475 726 2531 (Idan-asca)
765 2477 808 2516 ἱη
856 2476 1112 2525 Lusitania,
1146 2474 1395 2527 (Brotero.)
1429 2500 1484 2507 -
1522 2477 1598 2516 Ad

95 2532 362 2585 Caucasum,
421 2531 514 2585 (M.
542 2549 568 2571 a
595 2532 830 2585 Bzeberst.)
893 2539 957 2584 (ff).

208 2607 362 2645 Nostra
374 2605 621 2669 specimina
650 2605 823 2645 omnino
853 2618 947 2645 cum
974 2602 1100 2642 cultis
1128 2601 1265 2642 nostri
1289 2601 1478 2641 herbaxii
1500 2616 1604 2643 con-

94 2662 295 2709 xeniunt,
340 2661 425 2699 nisi
464 2662 582 2715 quod
619 2661 808 2715 spiculae
848 2664 955 2710 (non
995 2672 1142 2699 omnes
1188 2657 1380 2712 quidem)
1427 2657 1606 2700 bissoiaa

97 2727 261 2757 tantum
308 2718 594 2756 inveniantur.
636 2742 689 2750 --
737 2717 801 2756 Ab
843 2718 1024 2756 Avena
1066 2715 1240 2761 latua,
1282 2726 1461 2767 quacum
1495 2715 1608 2757 haud

97 2775 211 2815 bene
241 2773 377 2826 junxit
409 2772 812 2826 Sprengelius,
845 2773 1008 2825 optime
1043 2770 1241 2809 distincta
1270 2770 1436 2822 species
1457 2800 1466 2817 ‚
1510 2771 1605 2812 cha-

97 2839 269 2869 ractere
300 2829 546 2877 '1⁸1‘iseti‚
590 2827 723 2867 Palis.
754 2828 805 2867 de
836 2827 1032 2874 Beana,
1078 2841 1152 2866 seu
1193 2826 1354 2866 valvula
1392 2826 1604 2866 interiore

100 2884 377 2928 flosculorum
406 2886 528 2941 apice
557 2885 721 2935 biseta,
753 2898 833 2927 nec
857 2881 1454 2927 membranaceo-bidentata.
1512 2883 1609 2925 Dif-
