1788 3183
82 157 361 197 Gnammssass.
434 148 723 196 Osssmussnm
758 169 1007 196 Gssopomca
1037 171 1093 195 ET
1126 171 1421 197 oecoxomca.
1491 161 1571 202 561

78 275 214 315 culum
240 284 310 315 aut
346 275 389 314 in
416 276 590 316 corbem
633 276 849 329 colligunt.
917 276 1079 315 Eodem
1110 285 1305 327 tempore
1345 279 1567 330 operarius

78 332 236 370 culmos
278 332 522 377 conculcat,
572 341 617 370 ut
649 332 788 370 denuo
830 332 1101 378 radicentur,
1149 332 1296 385 sicque
1335 344 1429 384 post
1459 335 1565 374 duos

76 400 241 425 menses
272 387 541 439 spicilegium
583 384 734 435 (soca)
770 387 1017 432 exhibeant,
1064 387 1177 440 quod
1206 401 1332 440 saepe
1357 390 1457 427 item
1483 390 1566 428 lar-

79 442 252 494 gissime
295 443 496 481 succedit.
556 445 645 481 Hac
680 445 846 482 ratione
874 442 1080 494 Aethiops
1108 452 1276 481 centum
1313 443 1405 482 fere
1436 444 1566 484 libras

78 498 271 550 quotidie
315 498 532 537 demetere
576 508 730 549 potest.
799 501 844 537 In
879 502 1130 550 Mai-agnana
1168 499 1387 551 provincia
1428 499 1569 551 Oryza

80 567 387 606 saepenumero
430 568 510 591 una
558 566 650 592 cum
698 555 908 606 Gossypio
954 556 1132 593 colitur.
1184 555 1249 593 cui
1290 555 1405 593 illius
1439 557 1568 595 culmi

78 622 123 647 ac
171 609 272 647 folia
311 609 470 660 putridi
512 609 606 647 usui
655 618 760 647 sunt.
842 610 906 647 Ad
942 609 1196 661 separandos
1243 609 1409 660 Oryzae
1453 611 1570 649 solli-

79 664 193 703 culos
216 679 246 702 s.
272 665 430 716 glumas
452 665 668 718 hucusque
695 665 786 703 sere
813 666 937 702 unice
965 665 1148 702 molinae
1177 665 1443 703 adhibentur.
1483 667 1570 706 Sed

77 721 322 772 Maragnani
380 730 422 758 ct
477 721 721 771 Soteropoli
796 720 1012 758 machinae
1086 721 1329 772 vaporat-iae
1403 722 1572 761 institui

77 784 253 827 coeptae
299 785 407 812 sunt.
464 777 555 814 Jam
586 790 711 827 supra
751 776 814 826 (p.
845 778 960 823 518.)
1001 785 1278 814 memoratum
1310 786 1398 824 est,
1440 777 1571 829 Ory-

80 844 188 870 zam
218 831 262 868 in
292 831 485 883 pluribus
524 832 731 870 Brasiliae
771 831 1020 884 regionibus
1053 831 1172 884 quasi
1202 841 1476 884 spontaneam
1507 834 1572 871 in-

76 886 228 927 veniri.
287 888 380 939 Ego
412 887 505 939 ipse
529 887 578 925 ad
606 888 721 938 ripas
743 887 857 925 lacus
876 884 1065 924 Canoma
1092 895 1133 925 et
1164 888 1345 933 canalis,
1387 889 1459 942 qui
1476 903 1571 928 eum

78 955 170 982 cum
201 944 460 981 Amazonum
492 940 665 981 flumine
696 942 915 994 conjungit
947 939 1085 991 (Furi)
1117 941 1167 980 de
1196 942 1441 994 Abacaxis)
1484 958 1571 983 am-

77 998 166 1051 plas
198 999 339 1051 plagas
373 1000 580 1048 Oryza,
614 1011 720 1051 quae
754 998 826 1036 illo
859 998 952 1048 ipso
985 1006 1177 1048 tempore
1209 997 1444 1038 florescere
1475 1014 1574 1041 coe-

77 1063 220 1106 perat,
250 1063 382 1092 tectas
409 1054 496 1091 vidi
552 1055 637 1092 Sub
667 1054 820 1092 iisdem
849 1053 941 1091 sere
973 1054 1290 1093 condizionibus
1322 1056 1363 1092 in
1396 1057 1571 1107 provin-

77 1111 143 1148 cia
174 1107 350 1161 Piaul'ty·
379 1110 431 1148 ad
464 1107 543 1146 l'u'o
576 1106 844 1161 Panualzyba
876 1109 1114 1154 invenitur,
1153 1111 1304 1163 quibus
1336 1119 1476 1149 tamen
1505 1126 1574 1150 re-

80 1165 278 1218 gionibus
317 1165 482 1216 Oryzae
525 1163 690 1202 cultura
729 1178 857 1217 quum
900 1179 1169 1216 summopere
1200 1166 1470 1219 frequentata
1500 1167 1571 1213 sit,

80 1221 196 1260 illam
247 1220 342 1259 heic
398 1221 588 1258 locorum
634 1233 685 1256 ex
728 1220 961 1258 seminibus
1007 1233 1102 1258 casu
1147 1220 1388 1273 dispertitis
1437 1233 1575 1262 ortam

79 1290 199 1320 esse,
246 1274 433 1325 suspicio
475 1283 554 1312 est.
622 1276 722 1313 Pari
752 1274 877 1314 modo
910 1277 1138 1326 pro-:entre
1172 1277 1214 1314 in
1244 1276 1474 1316 humilibus
1505 1292 1575 1316 re-

78 1329 276 1384 gionibus
316 1330 366 1367 ad
412 1327 618 1367 filudeira
667 1328 825 1369 flamen
869 1331 988 1377 sitis,
1045 1331 1392 1386 creberrimaque
1433 1333 1476 1371 in
1517 1334 1572 1372 iis

83 1386 243 1439 campis
273 1399 366 1424 esse
399 1385 579 1432 dicitur,
613 1387 686 1439 qui
718 1401 738 1424 a
762 1384 1004 1439 Parugzzczy·
1033 1385 1163 1426 fluvio
1195 1389 1422 1441 quotannis
1453 1389 1575 1427 inun-

82 1441 256 1486 dantur,
302 1441 454 1480 incolis
493 1451 533 1480 et
573 1439 700 1494 Lago
737 1441 812 1479 dos
855 1440 1067 1495 >xant-ves
1104 1445 1323 1482 nominati.
1390 1445 1498 1482 Num
1529 1446 1574 1483 in

84 1499 255 1536 istarum
298 1497 521 1549 regionum
562 1497 701 1549 planta
733 1497 874 1536 eadem
908 1499 963 1537 sit
994 1499 1183 1549 species,
1228 1513 1351 1552 quam
1391 1514 1576 1539 xsssssms

82 1562 228 1592 noster
258 1553 429 1591 nomine
471 1552 684 1603 Oryzae
728 1554 1044 1594 subulatae.
1086 1564 1295 1608 tamquam
1340 1555 1389 1592 ab
1422 1556 1577 1594 usitata

60 1609 292 1648 'diversam
336 1608 603 1660 designavit,
655 1609 910 1661 ignoramus.
968 1609 1052 1647 L'Li
1097 1611 1139 1647 in
1181 1621 1291 1649 tanta
1336 1612 1478 1662 copia,
1535 1620 1580 1651 et

84 1664 202 1718 quasi
233 1663 570 1715 sinesshominum
604 1678 757 1715 opera,
802 1664 982 1715 Oryza
1014 1675 1296 1717 propagatur,
1339 1667 1505 1705 Indiani
1534 1668 1579 1706 in

83 1729 278 1758 nutantes
310 1728 501 1772 segetes,
545 1719 579 1757 si
607 1720 655 1757 ad
687 1720 970 1758 maturitatem
1003 1734 1262 1772 pervenere,
1305 1722 1441 1769 vecti,
1483 1722 1579 1761 lon-

81 1776 141 1829 gis
173 1775 334 1814 baculis
370 1789 496 1827 grana
527 1786 686 1813 matura
719 1776 954 1822 decutiunt,
989 1777 1235 1830 cymbisque
1268 1791 1374 1830 quae
1407 1779 1576 1825 incidit,

61 1844 264 1876 ‚messem
295 1830 465 1869 domum
496 1829 652 1869 ferunt.

191 1886 315 1946 Quod
347 1886 398 1924 ad
430 1886 648 1937 Oryzae
679 1886 885 1924 culturam
917 1886 1220 1926 emendandam
1251 1888 1426 1935 attinet,
1465 1889 1575 1928 nihil

83 1942 401 1982 memorandum
431 1941 595 1988 habeo,
627 1955 752 1994 quum
791 1941 871 1980 hoc
902 1955 1074 1995 gramen
1105 1952 1216 1981 tanta
1248 1956 1340 1982 cum
1373 1944 1580 1985 facilitate

85 1998 178 2037 sine
227 1998 356 2036 multa
403 2009 504 2035 cura
549 2006 591 2036 et
636 1997 750 2035 cultu
798 1998 981 2050 optimas
1024 2012 1183 2037 messes
1228 2000 1455 2052 largiatur3
1496 2000 1581 2040 hoc

80 2067 211 2092 unum
250 2053 479 2104 optandum
522 2062 611 2099 est,
657 2061 700 2090 ut
730 2052 820 2104 ejus
850 2053 1012 2092 cultura
1043 2055 1170 2093 etiam
1201 2055 1244 2093 in
1276 2055 1362 2094 illis
1392 2065 1582 2096 tentetur

83 2108 349 2161 regionibus,
380 2121 486 2162 quae
516 2108 734 2162 hucusque
760 2122 851 2146 eam
881 2122 966 2148 non
997 2120 1316 2150 concesserunt.
1351 2111 1422 2149 Sic
1441 2113 1580 2151 nomi-

81 2165 214 2203 natim
236 2164 357 2201 multi
379 2164 469 2216 agri
485 2165 691 2217 regionis,
727 2162 1024 2217 Goyatacazes
1046 2174 1233 2212 vocatae,
1267 2166 1337 2206 Or
1351 2181 1476 2217 yzae
1508 2181 1582 2208 co.

85 2219 234 2259 lendae
264 2219 473 2272 aptissimi
518 2228 640 2266 sunt,
684 2232 776 2258 cum
820 2221 1049 2273 originitus
1077 2234 1162 2259 non
1194 2222 1345 2272 sylvis,
1381 2222 1455 2261 sed
1484 2237 1582 2276 gra·

83 2274 272 2314 minibus
302 2275 400 2313 tecti
432 2284 588 2314 essent.
647 2277 743 2326 Ipse
775 2276 973 2329 quidem,
1016 2276 1130 2329 quod
1158 2277 1309 2324 doleo,
1350 2277 1428 2316 hos
1468 2292 1582 2318 cam-

87 2345 167 2384 pos
210 2331 477 2383 graminosos
523 2330 843 2382 (Campinas),
904 2333 976 2385 qui
1019 2334 1132 2369 inter
1175 2331 1254 2370 Rio
1302 2331 1498 2372 Macahe'
1539 2343 1582 2374 et

82 2384 167 2426 Rio
205 2385 396 2425 Paraiba
439 2398 560 2424 secus
608 2385 771 2426 Oceani
822 2401 936 2425 oram
983 2388 1266 2426 extenduntur
1298 2390 1496 2440 (Compos
1527 2389 1580 2429 de

85 2439 304 2488 Macahe',
359 2440 652 2494 Geribatyba,
713 2440 960 2494 Cara-helon,
1015 2441 1197 2492 subdes,
1258 2441 1478 2489 Jagxroaba
1512 2445 1582 2483 vel

93 2496 319 2544 Ubatuha‚
363 2494 560 2544 Fannio,
601 2496 912 2546 Algodoeiros‚
958 2494 1094 2536 Poma
1124 2498 1175 2537 de
1205 2496 1246 2538 S.
1291 2497 1472 2543 Thome',
1511 2502 1581 2541 vel

84 2551 292 2592 Boavista
324 2562 366 2592 et
399 2550 580 2603 Campos
622 2552 675 2590 do
715 2550 903 2591 Paraiba
943 2554 1009 2592 vet
1052 2554 1106 2591 da
1141 2552 1289 2608 Praya
1321 2557 1476 2596 ineolis
1507 2571 1583 2596 vo-

86 2612 253 2659 cantur)
295 2623 380 2647 non
419 2608 696 2660 perlustravi,
741 2624 869 2662 quum
899 2623 1028 2657 vero,
1068 2610 1207 2649 muris
1245 2609 1415 2657 fluviis,
1460 2612 1580 2661 rivis,

84 2665 261 2705 lacubus
285 2677 332 2702 ac
353 2663 578 2717 paludibus
607 2661 801 2714 (Brejos)
834 2666 1012 2718 inrigui‚
1043 2666 1179 2706 rebus,
1200 2668 1415 2719 pecuariis
1445 2669 1582 2707 minus

85 2721 234 2761 idonei
272 2719 489 2765 dicantur,
522 2720 867 2774 proptereaquod
893 2721 1206 2774 degenerantur
1235 2723 1397 2762 ibidem
1426 2737 1585 2777 pecora

85 2785 131 2817 et
143 2775 375 2815 imbellicia
393 2785 435 2814 et
450 2789 577 2828 parva
602 2776 825 2830 minusque
850 2776 1008 2816 feracia
1029 2786 1072 2816 et
1100 2777 1234 2818 lactea
1263 2776 1382 2828 fiunt,
1413 2781 1585 2820 consul-

57 2841 175 2872 ·tum
211 2831 350 2879 foret,
400 2830 475 2870 has
513 2831 716 2883 regiones
755 2831 923 2885 oryzae
971 2832 1133 2872 cultura
1176 2833 1426 2884 emendare,
1476 2849 1583 2890 quae

157 2905 312 2936 nona
338 2903 520 2934 imam..
550 2887 609 2934 11.
1052 2885 1115 2940 30
