1788 3183
522 175 808 219 Gaamxmss.
864 179 1083 222 PAmcUM.
1477 185 1560 229 163

162 289 497 333 Distinctissima
523 296 707 347 species.
778 298 949 339 Culmus
984 300 1190 354 orgyalis,
1235 302 1431 343 crassitie
1460 302 1555 345 fere

52 345 178 399 digiti
217 348 410 395 minimi,
454 355 887 406 compressiusculus,
941 357 1102 396 minute
1145 357 1342 405 striatus,
1388 360 1552 413 glaber,

45 401 205 441 farctus
259 413 300 443 et
347 404 650 458 sublignosus;
702 410 826 450 nodis
869 412 1005 451 altero
1048 412 1181 452 latere
1223 414 1357 467 magis
1397 416 1554 468 gibbis,

46 457 404 509 albo-pruinosis
445 463 518 511 (an
559 478 580 500 a
620 472 733 503 terra
778 467 925 507 silicea
957 467 1038 507 hoc
1082 469 1181 508 loco
1221 471 1549 521 accumulata‘2).

46 513 235 567 Vaginae
262 513 353 554 basi
380 516 657 564 convolutae,
700 520 826 562 dorso
855 524 1030 563 obtusae
1063 533 1105 563 et
1131 526 1271 564 laeves
1291 554 1300 572 ,
1333 526 1551 566 immedia-

45 575 113 616 te,
146 568 343 623 nullaque
370 571 501 623 ligula
533 573 855 627 intercedente,
903 589 1123 619 transeunt
1163 581 1206 620 in
1243 581 1398 621 folium
1432 597 1553 621 suum

47 625 368 678 sesquipedale,
409 636 497 667 tres
539 628 673 669 lineas
703 633 856 680 latum,
898 635 941 673 in
975 636 1214 675 subulatum
1247 639 1414 690 apicem
1444 647 1551 678 atte-

43 689 238 728 nuatum,
271 682 488 730 strictum,
520 684 712 736 planum,
745 689 960 734 striatum,
992 692 1184 745 margine
1216 693 1398 745 primum
1427 708 1551 748 argu-

43 735 235 782 tissime,
268 746 403 777 aetate
434 739 669 781 obsoletius
712 745 1316 798 cartilaginea·seri-ulatum,
1363 758 1551 790 serratu-

42 791 105 830 ris
131 791 245 831 nudo
277 793 403 833 oculo
435 796 681 849 conspicuis
701 828 710 845 ,
741 813 874 839 nervo
908 815 1051 841 crasso
1090 804 1237 843 subtus
1285 806 1329 844 in
1360 806 1548 846 carinam

36 847 337 900 prominente,
390 864 516 904 supra
558 852 641 892 lato
692 863 734 892 et
778 856 920 897 medio
964 859 1245 899 canaliculato
1287 862 1543 914 praeditum.

38 902 244 956 glabrum.
306 905 477 945 Culmus
509 907 618 947 infra
649 910 890 961 paniculam
920 915 1188 954 terminalem
1220 917 1415 957 crassitie
1440 931 1547 971 pen-

37 971 116 998 nae
157 959 441 1013 gallinaceae,
485 975 780 1016 compressus,
832 968 1161 1022 subangulatus,
1205 973 1405 1021 striatas,
1459 973 1547 1027 gla-

38 1014 140 1062 ber,
187 1015 287 1056 hinc
326 1017 540 1070 profunde
577 1022 891 1063 canaliculatus.
952 1027 1152 1066 Panicula
1183 1027 1288 1067 haec
1320 1030 1546 1084 sesquipe-

37 1069 167 1117 dalis,
207 1071 298 1111 basi
330 1074 479 1126 vagina
510 1075 720 1125 involuta,
753 1079 920 1131 apicem
948 1095 1094 1122 versus
1126 1085 1304 1124 maxime
1337 1083 1547 1134 conserta,

39 1125 184 1165 rhachi
228 1129 421 1181 angulata
463 1130 720 1187 alternisque
760 1134 966 1176 lateribus
1009 1139 1283 1179 canaliculata
1330 1150 1374 1180 et
1412 1142 1543 1180 ramis

38 1180 198 1220 scabra.
266 1185 389 1223 Rami
425 1186 656 1227 inferiores
693 1192 850 1230 remoti
890 1193 1067 1244 alterni,
1116 1204 1202 1234 tum
1238 1196 1309 1235 alii
1346 1197 1544 1235 nonnulli

38 1238 230 1291 oppositi
270 1240 510 1294 interjectis
561 1244 867 1288 alternantibus
909 1250 1027 1289 vario
1065 1251 1191 1290 modo
1226 1266 1271 1290 se
1304 1253 1541 1304 excipiunt,

36 1303 79 1332 et
97 1307 244 1333 omnes
268 1295 314 1335 hi
338 1297 511 1351 quidem
533 1302 769 1354 compressi
788 1302 966 1359 basique
993 1308 1124 1360 magis
1143 1307 1330 1355 dilatati,
1363 1308 1546 1347 maxime

33 1358 174 1388 tamen
204 1364 254 1390 ex
278 1351 342 1391 his
377 1353 432 1401 ii,
467 1355 564 1408 qui,
596 1358 679 1395 situ
716 1360 917 1411 opposito
955 1364 1092 1412 enati,
1137 1364 1349 1416 palmatim
1378 1364 1474 1404 fere
1499 1366 1545 1404 in

24 1406 514 1453 v‘ramulos(dividuntur.
572 1414 739 1452 Ramuli
778 1415 934 1455 iterum
976 1419 1157 1467 ramosi,
1216 1419 1453 1475 horumque
1479 1435 1546 1459 m„

36 1461 141 1500 muli
171 1462 442 1505 subsecundi.
503 1469 730 1509 Paniculae
756 1471 890 1520 aliae,
922 1475 1139 1513 terminali
1172 1476 1360 1515 minores
1390 1477 1466 1516 sed
1492 1477 1550 1517 si-

35 1517 132 1556 mili
159 1518 251 1570 ejus
282 1529 492 1562 structura
520 1537 544 1562 e
573 1524 777 1565 foliorum
805 1530 1077 1581 superiorum
1113 1531 1249 1570 axillis
1287 1532 1428 1586 iisque
1464 1533 1549 1572 cir-

36 1574 318 1621 cumvolutae,
351 1590 429 1616 ceu
454 1580 561 1618 rami
586 1582 807 1633 paniculae
832 1585 1082 1640 principalis
1099 1588 1416 1640 praecociores‚
1452 1603 1547 1628 nas-

44 1638 208 1669 cuntur.
270 1632 470 1684 Spiculae
500 1635 877 1688 subfasciculatae,
922 1650 1092 1687 ternae,
1131 1652 1384 1697 quaternae,
1426 1644 1546 1697 pedi-

33 1685 244 1734 cellatae,
284 1702 467 1740 parvae,
513 1691 687 1739 (lineam
719 1694 870 1748 longae
910 1697 975 1736 vel
1015 1698 1141 1751 paulo
1168 1699 1412 1751 breviores)
1441 1700 1546 1740 viri-

40 1740 114 1779 des
141 1742 207 1782 vel
240 1756 615 1797 purpurascentes.
686 1751 833 1790 Gluma
868 1753 1052 1793 inferior
1080 1755 1204 1807 paulo
1242 1755 1388 1795 minor
1417 1769 1545 1808 supc-

35 1796 178 1845 riore,
227 1799 454 1848 trinervis‚
511 1803 711 1854 superior
770 1808 1127 1863 quinquenervis,
1186 1820 1363 1864 utraque
1407 1821 1545 1861 ovata,

36 1862 177 1900 acuta,
225 1856 368 1895 nervis
397 1859 648 1910 prominulis
680 1871 854 1902 costata.
928 1866 1120 1905 Flosculi
1162 1868 1338 1906 masculi
1381 1868 1547 1908 valvula

36 1908 222 1949 inferior
245 1911 409 1964 glumae
440 1915 665 1968 oppositae
689 1917 866 1967 similis,
903 1920 1221 1971 obtusiuscula,
1255 1924 1548 1978 quinquener-

36 1964 125 2013 vis3
159 1967 357 2016 superior
382 1969 452 2008 isti
483 1972 697 2024 aequalis,
729 1973 978 2017 lanceolata.
1028 1980 1419 2033 Hermaphroditus
1443 1979 1547 2022 flos-

33 2020 152 2061 culus
181 2022 651 2082 elliptico-oblongus,
683 2031 1012 2086 cartilagine-us,
1045 2034 1204 2084 laevis,
1235 2035 1395 2075 fuscus.

146 2105 328 2148 Habitat
359 2110 400 2150 in
434 2112 528 2150 ndis
563 2113 621 2151 ad
644 2111 795 2168 fossas
828 2116 1048 2158 (Ilslrlctzzs
1074 2119 1373 2162 Adamanlnm
1405 2134 1542 2175 prope

40 2160 199 2213 Tejuco
221 2172 262 2203 et
295 2165 408 2205 Villa
431 2168 484 2206 do
507 2167 706 2224 Principe
724 2173 977 2224 provinciae
1003 2174 1235 2216 fllium-um
1255 2177 1539 2228 generalium,

31 2243 86 2250 —-
113 2220 172 2259 ad
201 2219 360 2262 fllonte
396 2223 523 2264 Video
560 2225 663 2281 legit
699 2226 875 2270 Sellow.
935 2231 1062 2283 (Vidi
1085 2232 1129 2272 in
1156 2231 1288 2273 Herb.
1322 2232 1432 2288 Reg.
1457 2231 1542 2272 Be-

35 2274 116 2315 rol,
178 2274 325 2317 Floret
358 2278 488 2320 Jalio.
605 2313 613 2322 .

147 2349 196 2388 P.
230 2349 563 2393 decolorans
593 2357 648 2394 H.
681 2364 721 2394 et
749 2354 800 2396 R.
840 2358 906 2404 (P.
939 2358 1132 2398 elatum
1164 2360 1302 2403 Herb.
1331 2360 1542 2411 Willd.)

32 2403 230 2456 panicula
273 2406 419 2446 differt
461 2409 784 2464 subsastigiata,
842 2411 1011 2453 flosculi
1049 2417 1225 2456 masculi
1267 2418 1429 2457 valvula
1467 2432 1545 2457 no-

33 2461 281 2509 remum-vi,
325 2463 444 2503 foliis
475 2465 731 2517 latioribus,
773 2469 938 2523 vaginis
980 2472 1174 2526 margine
1218 2472 1376 2513 ciliatis
1408 2483 1450 2514 et
1478 2482 1544 2513 tu-

31 2513 267 2557 bex-culatis
285 2547 295 2566 ,
327 2518 508 2574 aliisque
532 2523 661 2563 notis.

144 2588 194 2627 P.
238 2589 548 2644 rigidulum
587 2597 768 2644 Bosc.‚
801 2595 936 2636 Herb.
972 2597 1164 2638 Willd.
1196 2599 1392 2653 proxime
1421 2612 1543 2641 accc-

20 2641 95 2682 ‚dit
123 2652 273 2685 nostro
290 2675 300 2693 ,
333 2646 677 2703 distinguendum
710 2651 907 2704 inprimis
927 2652 1047 2693 foliis
1071 2654 1328 2703 laxioribus,
1361 2656 1541 2708 spiculis

27 2697 301 2751 lanceolatis‚
344 2703 483 2756 gluma
514 2706 725 2747 inferiore
770 2708 995 2758 breviore,
1045 2712 1240 2766 caryopsi
1270 2713 1433 2766 glumas
1456 2726 1543 2754 non

34 2765 257 2810 aequante.
314 2760 410 2799 Hoc
431 2776 604 2815 gramen
628 2763 686 2802 ita
709 2763 1016 2805 describimus:

133 2828 400 2870 Panicum
429 2832 542 2885 rigi
558 2833 648 2873 dul
664 2848 745 2874 um
774 2838 809 2874 B
826 2849 883 2876 os
899 2849 946 2876 c:
989 2837 1186 2889 panicula
1217 2850 1440 2879 racemosa
1470 2852 1540 2879 su-

28 2881 435 2941 pradecomposita,
475 2889 624 2930 rhachi
646 2889 749 2932 hinc
772 2890 1049 2933 canaliculata
1066 2922 1077 2942 ,
1108 2894 1240 2935 ramis
1267 2895 1543 2950 compressis,

0 2984 1 3021 ξ
969 2950 1068 3000 11*

0 3025 1 3067 l
