1788 3183
159 173 242 213 582

157 291 273 352 Quid
316 295 429 345 quod
475 304 516 334 ct
557 295 770 336 interdum
802 299 905 338 totis
938 299 1134 340 incendia
1166 302 1325 353 campis

158 362 345 401 suscitat
376 364 620 417 imprudens
651 368 832 422 aliquis.
866 372 1009 421 patulo
1041 384 1116 410 ore
1147 373 1379 412 resorbens

157 434 214 472 Et
244 448 469 474 revomens
500 436 661 485 fumos,
694 438 790 478 duri
823 440 976 480 solaria
1008 441 1140 480 callis.

264 505 456 554 Fictilis,
490 516 617 561 atque
649 509 721 548 (liu
750 510 865 550 lento
896 512 1022 550 tubus
1054 513 1152 565 igne
1182 522 1404 555 recoctus·

158 574 239 616 Vel
270 589 407 625 nuce,
441 578 654 629 praeduro
683 581 749 621 vel
781 583 943 622 cortice
976 583 1088 623 sorte
1119 593 1312 625 cavatus,

159 648 299 698 'suget
330 647 372 685 in
404 647 613 688 alveolum
645 665 808 692 sunnno
839 663 960 692 lenus
992 667 1068 693 ore
1099 656 1356 707 repandum,

161 716 247 755 Sed
289 718 361 771 qui
402 720 604 770 paulatim
645 721 821 762 fundum
869 734 1113 776 angustatur
1155 725 1206 765 ad
1244 726 1389 765 iniurn.

158 788 384 827 Pei-tusum
414 792 532 830 tenui
563 792 670 832 rima
700 794 828 844 latus,
860 795 990 849 inque
1020 796 1213 836 foramen

157 858 322 898 Fistula
353 863 579 903 commissa
609 874 674 905 est
705 867 969 920 exemptilis:
1003 867 1173 920 ignibus
1206 868 1304 908 illac

160 929 428 981 spiramenta
459 943 628 987 patent,
660 935 861 992 fumoque
894 938 971 977 sub
1002 953 1074 978 ora
1104 938 1261 977 meanti

158 1001 357 1053 Longum
388 1002 493 1054 iter,
525 1015 570 1043 ut
597 1006 758 1058 spatio,
804 1018 929 1062 atque
961 1023 1078 1048 mora
1109 1009 1349 1062 tepefactus
1380 1010 1421 1047 in
1451 1008 1522 1046 illa

159 1072 311 1112 Mitius
343 1074 522 1115 innocua
551 1077 632 1116 tibi
663 1087 830 1131 guttura
860 1080 970 1119 nube
1002 1089 1192 1133 vaporet.

162 1147 237 1185 Illa
266 1148 421 1188 viatori
453 1146 605 1195 chara,
639 1157 682 1186 et
715 1151 904 1201 pretiosa
936 1151 1126 1204 supellex

160 1220 197 1258 It
228 1232 399 1268 comes,
436 1228 478 1259 ct
506 1219 656 1268 lateri,
685 1219 793 1260 fidus
824 1221 941 1260 velut
971 1222 1110 1271 ensis,
1141 1222 1357 1261 adhaeret.

159 1290 355 1344 Namque
398 1291 472 1329 ubi
510 1290 649 1331 vicina
678 1292 923 1344 procumbit
953 1292 1128 1332 anhelus
1159 1293 1201 1332 in
1235 1294 1407 1340 umbra,

160 1361 219 1399 Et
247 1370 416 1413 reparat
447 1362 585 1411 vires,
617 1371 705 1402 tum
738 1362 873 1402 fistula
905 1364 1144 1416 promitur3
1175 1364 1290 1418 ignis

161 1432 414 1470 Excutitur:
447 1433 601 1474 crebro
631 1435 838 1474 scintillas
868 1434 1056 1488 fulgurat
1086 1436 1174 1474 ictu

163 1502 282 1540 Dura
314 1503 447 1542 silex:
477 1504 631 1545 insarta
659 1505 764 1545 tubo
796 1505 898 1545 folia
929 1507 1046 1546 arida
1074 1504 1240 1545 flamma

165 1574 391 1626 Corripit,
433 1584 476 1615 et
512 1576 665 1630 longos
704 1576 911 1630 jaculatur
949 1576 1087 1617 fistula
1129 1576 1283 1616 fumos.

164 1645 378 1686 Dentibus
410 1646 664 1701 ignivomam
694 1656 812 1688 tenet
842 1648 915 1688 ille
947 1648 1124 1701 supinus
1154 1661 1351 1688 avenam:

162 1720 450 1772 Maternoque
478 1718 593 1759 velut
622 1719 867 1773 dependens
894 1719 1026 1761 ubere
1056 1728 1203 1765 natus,

166 1789 293 1843 Sugit
320 1789 442 1828 hians
471 1790 670 1839 nebulas,
715 1791 947 1846 bibuloque
984 1792 1230 1844 reciprocat
1259 1802 1365 1839 ore3

167 1862 302 1914 Inque
334 1861 449 1899 vices
480 1860 606 1900 modo
639 1861 753 1901 labra
785 1876 1007 1914 premens,
1039 1862 1166 1902 modo
1197 1875 1343 1914 pressa
1372 1860 1587 1908 relaxans,

169 1930 353 1978 Sorbet,
387 1940 430 1971 et
460 1941 674 1972 exsuctam
704 1934 846 1973 reddit
877 1933 929 1973 de
960 1943 1137 1987 pectore
1166 1933 1345 1979 nubem,

167 2003 486 2057 Fumantesque
514 2003 669 2058 globos
700 2004 856 2058 patulis
887 2019 910 2044 e
939 2004 1133 2044 faucibus
1165 2003 1297 2043 efflat.

168 2073 276 2112 Inde
315 2074 389 2112 ubi
428 2074 511 2127 jam
548 2076 687 2115 nullos
729 2076 864 2129 spirat
908 2089 1006 2116 cava
1043 2074 1182 2115 fistula
1221 2074 1387 2120 summ,

169 2143 346 2199 Oraque
378 2144 524 2185 deludi
554 2155 674 2186 suctu
703 2146 941 2200 praesentit
970 2146 1113 2193 inani,

171 2215 222 2253 In
252 2224 411 2255 terram
442 2216 637 2266 cineres,
668 2217 926 2273 tepidosque
959 2232 1041 2257 una
1071 2216 1231 2257 excutit
1259 2216 1397 2269 igne5‚

173 2287 318 2340 Atque
347 2287 446 2327 abit.
508 2290 676 2328 Interea
704 2289 899 2343 neglecta
928 2289 1070 2329 favilla
1097 2287 1277 2327 resumit

175 2357 315 2410 Saepe
342 2371 474 2398 novas
503 2359 617 2400 vires
638 2387 649 2407 ‚
679 2360 956 2414 redivivaque
984 2357 1148 2399 flamma
1178 2357 1443 2412 propinquas

176 2428 452 2487 succendens
482 2430 684 2484 stipulas,
715 2431 820 2471 totis
851 2431 1044 2485 contagia
1074 2429 1232 2482 campis

175 2499 359 2545 Fundit,
394 2511 436 2542 et
476 2502 633 2555 integri
664 2503 742 2542 tibi
773 2517 869 2555 spes
898 2501 1121 2542 intercidit
1149 2500 1260 2540 anni.

177 2571 225 2611 Si
257 2572 395 2625 sapis,
425 2586 529 2627 ergo
559 2573 711 2626 procul
741 2582 927 2627 praestat
957 2572 1160 2612 metarier
1188 2584 1357 2611 arvum:

176 2644 324 2696 Pange
352 2645 419 2699 yia
449 2653 627 2684 canneta
655 2644 834 2697 procul,
867 2658 948 2699 qua
978 2643 1129 2683 semita
1157 2643 1270 2682 nulla

178 2714 370 2763 Flectat‚
404 2729 485 2768 qua
514 2714 652 2754 nullus
682 2715 857 2768 praedas
888 2722 982 2768 agat
1013 2713 1110 2753 inde
1140 2714 1300 2761 viator,

179 2788 262 2826 Aut
290 2794 454 2826 temere
484 2800 721 2839 properans
752 2784 916 2826 subitos
948 2784 1178 2824 exsuscitet
1208 2784 1340 2836 ignes.

292 2858 490 2902 Forsitan
520 2857 716 2912 exquiras
746 2855 993 2898 condendae
1023 2851 1189 2908 tempus
1220 2867 1400 2894 arenae:
