1788 3183
494 170 775 212 Gnsmmffl.
833 169 1057 209 Panicum.
1447 167 1532 210 187

25 288 200 339 Berol.)
239 312 294 320 —
334 281 483 329 Etiam
515 288 558 329 in
593 288 790 330 Jamaica
830 288 998 328 habitat
1028 286 1284 330 (--vidimus
1320 284 1362 323 in
1395 281 1529 324 Herb.

30 345 182 387 Willd.
214 344 515 385 Jamaicanam
549 345 750 399 plantam
795 345 966 385 nomine
1001 342 1155 384 Punici
1198 340 1420 398 grossarii.
1477 339 1531 379 Ιιι

22 400 273 450 Surirmmo,
304 401 547 456 Essequebo
577 401 798 457 (ssIeyer).
839 398 929 454 74?

128 487 324 529 Adnot.
381 487 644 528 Panicum
673 488 1041 543 agrostoitles
1073 485 1371 541 Sprengel,
1403 486 1531 523 Ame-

21 543 140 585 ricae
190 543 377 584 borealis
421 544 584 589 incola,
646 554 690 584 ut
737 560 760 584 e
802 544 1111 598 speciminibus
1156 543 1284 583 siccis
1325 540 1534 580 Herbarii

20 600 438 641 Bernhardiani
469 610 511 640 et
540 601 881 653 Agardhiani
903 599 1220 654 cognoscimus,
1245 597 1414 638 differt:
1442 597 1534 637 cul-

22 667 95 696 mo
123 655 346 704 firmiore,
377 655 498 695 basin
528 671 678 697 versus
709 658 843 697 altero
882 658 1018 697 latere
1060 657 1246 701 sulcato,
1286 653 1406 694 foliis
1436 654 1536 693 lon-

21 712 247 766 gioribus,
299 711 510 765 paniculis
559 722 647 752 tum
690 713 856 753 axillari
904 722 994 753 tum
1037 711 1256 751 terminali
1298 709 1534 750 laxioribus

18 769 154 822 magis
185 770 463 820 compositis,
494 770 624 808 ramis
655 768 1171 823 composito-racemosis
1203 767 1253 806 ad
1281 765 1437 806 florum
1461 780 1534 805 ex-

21 833 163 864 ortum
193 824 294 863 hinc
325 824 426 864 inde
456 825 556 877 pilis
588 825 769 879 singulis
801 825 1034 876 inspersis,
1067 823 1294 877 pedicellis
1323 822 1534 876 longiori-

20 879 125 926 bus,
166 879 344 933 spiculis
388 881 513 933 paulo
558 880 792 933 majoribus
828 881 1024 920 nitidulis
1054 880 1211 927 acutis,
1255 892 1383 931 saepe
1415 884 1534 928 (eon-

20 945 85 976 tra
117 936 539 989 Sprengeliuml
569 952 756 991 purpura
784 937 961 984 tinctis,
1001 936 1141 990 gluma
1172 935 1398 988 superiore
1429 949 1533 974 neu·

26 992 221 1046 triusque
253 991 424 1032 flosculi
453 994 613 1033 valvula
631 994 839 1033 inferiore
856 993 1147 1037 trinervibus,
1180 991 1375 1044 caryopsi
1404 990 1532 1046 paulo

23 1048 273 1102 angustiore
305 1049 768 1103 oblongo-lanceolata
799 1049 1040 1089 laevissima
1069 1048 1343 1088 nitidissima.

132 1122 255 1159 Hanc
286 1120 477 1172 speciem
507 1120 570 1160 sic
601 1119 852 1160 definimus:

132 1190 392 1231 Panicum
446 1192 814 1245 agrostoides
868 1192 999 1244 Spr:
1051 1190 1248 1244 panicula
1300 1189 1533 1241 decompo-

19 1247 98 1287 sita
139 1246 337 1300 elongata
381 1247 708 1292 subracemosa.
752 1247 883 1287 ramis
925 1247 1100 1287 alternis
1142 1246 1301 1286 erectis
1333 1245 1533 1284 subrace-

19 1303 151 1344 mosis
190 1303 303 1342 inter
343 1301 475 1343 flores
515 1303 616 1357 pilis
656 1303 894 1356 inspersis,
947 1303 1127 1357 spiculis
1169 1303 1355 1356 (parvis)
1386 1302 1534 1341 subse-

18 1360 170 1400 cundis
218 1359 425 1412 elliptieis
472 1360 606 1399 acutis
650 1360 835 1413 glabris,
876 1359 1017 1414 gluma
1069 1360 1295 1412 superiore
1336 1358 1535 1397 valvulis·

20 1429 104 1473 que
134 1415 421 1465 trinervibus‚
455 1417 593 1456 culmo
626 1429 874 1469 compresso
905 1416 1113 1470 foliisque
1144 1414 1334 1470 angustis
1357 1414 1533 1468 glabris.

130 1501 338 1542 Panicum
368 1502 664 1555 agrostoides,
709 1500 804 1553 Spr.
834 1499 948 1554 Png.
976 1499 1036 1540 II.
1060 1515 1105 1554 ρ.
1131 1508 1169 1550 4.
1198 1498 1353 1541 Miilzl.
1377 1497 1534 1539 Descr.

189 1557 259 1597 ub.
288 1573 332 1611 p.
367 1573 457 1609 ¹¹9·
501 1557 556 1597 R.
588 1565 628 1597 et
664 1556 758 1598 Sclz.
793 1555 834 1596 S.
879 1558 926 1597 V.
962 1555 1027 1596 II.
1059 1571 1102 1606 ρ.
1136 1557 1231 1604 456.
1275 1554 1429 1596 Illam.
1469 1553 1532 1594 JI.

183 1628 226 1667 ρ.
256 1616 351 1654 250.
391 1611 563 1668 Torrey
586 1612 651 1653 Fl.
677 1615 778 1654 Am.
806 1611 922 1667 confi
947 1612 1038 1653 bor.
1060 1619 1104 1670 ¹et
1128 1611 1240 1652 med.
1270 1610 1307 1651 I.
1336 1627 1379 1666 p.
1416 1618 1506 1665 ²47·

129 1685 336 1725 Panicum
381 1685 756 1739 agrestidiforme,
801 1682 931 1723 Lam.
971 1682 1046 1726 Ill.
1083 1698 1180 1737 gen.
1225 1699 1268 1722 η.
1298 1684 1395 1737 895.
1434 1698 1530 1741 gen.

190 1755 232 1779 η.
253 1742 350 1793 895.
372 1740 481 1780 Eue.
512 1740 642 1782 mellz.
666 1740 745 1780 IV.
769 1756 814 1795 ρ.
843 1742 939 1793 748.

129 1812 336 1851 Panicum
374 1812 613 1864 elongatum
631 1842 640 1860 ,
687 1810 843 1851 Purslz.
882 1809 949 1850 ΡΖ.
974 1809 1079 1850 Am.
1105 1808 1220 1863 Sept.
1245 1809 1281 1851 I.
1306 1825 1349 1865 p.
1380 1809 1446 1862 69.
1479 1809 1535 1850 R.

186 1874 227 1906 et
256 1865 352 1906 Sela.
385 1865 428 1907 S.
466 1867 512 1908 V.
546 1866 607 1907 II.
635 1883 680 1923 p.
709 1870 804 1917 452.
834 1866 965 1919 (εκεῖ.
993 1881 1095 1921 syn.
1120 1864 1259 1919 Poir.)
1290 1864 1444 1908 Mant.
1473 1865 1534 1906 Il.

133 1937 393 2034 HZliit—rt—lqiin
434 1993 641 2034 America
677 1993 853 2035 boreali.
897 1997 963 2046 21..
1024 1992 1152 2046 (Vidi
1182 1992 1281 2034 sice.
1323 1992 1366 2033 in
1401 1990 1534 2034 Herb.

22 2046 267 2090 Bernhard.
284 2081 297 2102 ,
328 2049 532 2106 Agar-dh.
561 2058 603 2091 et
632 2049 776 2103 Trin.)

485 2191 669 2228 SECTIO
702 2190 788 2227 VII.
835 2191 865 2225 E
877 2193 906 2226 F
919 2191 947 2225 F
957 2191 1025 2227 US
1035 2191 1081 2226 A.

148 2298 516 2346 Inssoreseentia
547 2316 658 2346 vere
679 2297 970 2363 paniculata,
1009 2298 1156 2344 ramis
1195 2297 1387 2344 ratione
1422 2297 1534 2344 rha-

20 2363 169 2411 cheos
195 2383 288 2411 una
312 2382 423 2411 eum
449 2365 649 2410 ramulis
679 2376 726 2411 et
748 2364 1005 2428 pedicellis
1037 2362 1327 2426 gracilibus,
1375 2381 1403 2409 a
1425 2363 1535 2409 basi

20 2430 96 2477 vel
125 2431 283 2493 spatio
311 2430 564 2477 remotiori
604 2430 654 2475 in
698 2430 912 2477 ramulos
953 2446 1067 2476 suos
1106 2429 1306 2484 solutis,
1352 2428 1535 2492 patulis

22 2495 99 2544 vel
139 2496 447 2551 divaricatis,
494 2496 640 2541 ramis
676 2494 1066 2559 pedunculisque
1105 2495 1413 2559 patentibus,
1457 2493 1534 2540 his

24 2577 170 2624 saepe
205 2561 393 2607 hissoris
430 2559 685 2624 elongatis.
759 2560 987 2624 Spiculae
1022 2561 1071 2605 in
1106 2560 1276 2624 paucis
1310 2576 1533 2622 magnae,

20 2626 270 2691 plerisque
309 2625 608 2682 mediocres,
653 2625 762 2673 aliis
796 2625 1047 2682 minimae,
1093 2625 1169 2672 vel
1207 2637 1378 2672 acutae
1420 2641 1535 2670 ner-

23 2708 170 2739 vosae
186 2725 200 2748 ,
238 2691 313 2739 vel
336 2692 575 2738 obovatae
608 2704 655 2737 et
691 2691 1043 2755 subglobosae,
1080 2691 1172 2737 hae
1201 2707 1348 2754 saepe
1380 2689 1536 2754 puhe-

23 2756 183 2812 rulae,
220 2757 270 2802 in
300 2757 407 2802 aliis
440 2757 749 2820 inaequales,
797 2756 951 2803 altero
980 2756 1132 2803 latere
1165 2756 1319 2819 magis
1356 2773 1535 2804 conve-

24 2838 110 2868 xae
134 2834 181 2868 et
211 2822 462 2884 gibbosae.
533 2822 711 2868 Gluma
740 2821 944 2869 inferior
990 2822 1040 2867 in
1080 2821 1253 2886 paucis
1293 2821 1536 2885 superiori

27 2887 269 2950 aequalis,
335 2887 584 2952 plerisque
635 2886 806 2936 eadem
861 2887 1065 2935 dimidio
1110 2886 1281 2934 saltem
1321 2886 1533 2935 brevior.
