1788 3183
393 175 680 215 Canusium.
740 173 1014 215 emosunvs.
1070 174 1266 214 Bnoms.
1497 177 1581 221 467

191 296 594 344 Inssoreseentia:
641 295 870 360 panicula
913 294 1234 359 subsimplex‚
1282 296 1573 359 glomerato·

60 362 352 428 thyrsoidea
372 362 447 408 vel
469 362 809 426 spicaeformis
828 394 841 416 ,
891 360 944 407 in
972 360 1082 406 aliis
1107 362 1345 418 secunda,
1401 379 1574 427 squar-

61 446 192 477 rosa.
227 457 292 465 —
325 427 498 490 Ligula
521 427 920 482 membranacea,
959 439 1161 473 exserta.

400 551 433 581 1.
474 553 830 583 εῐΝοδεΒυε
868 552 1237 583 ECHINATUS.

174 623 220 665 C.
250 621 447 676 panicula
469 621 712 674 thyrsoidea
753 620 940 662 secunda
974 631 1093 661 ovata
1107 652 1116 669 ‚
1161 621 1350 662 bracteis
1387 622 1576 674 pinnatis

64 678 266 719 scariosis
302 678 567 733 spiculisque
601 678 843 733 aggregatis
878 674 1046 718 billoris
1079 679 1289 730 aristatis,
1332 678 1452 719 foliis
1486 680 1576 719 lan-

63 735 230 776 ceolato
244 734 521 774 -linearibus.

173 807 418 860 Cynosurus
438 805 658 845 echinatus
674 834 685 852 ‚
714 802 771 844 L.
795 801 949 843 chlch.
971 801 1121 857 Sp.pl.
1139 803 1175 845 I.
1193 819 1235 857 p.
1263 812 1283 854 ll
1298 817 1358 844 ιε.
1390 802 1574 850 δἐΙιναᾱ.

239 859 309 901 FY.
326 860 478 920 ‘Gernh
506 860 542 901 I.
562 876 607 915 p.
636 860 731 901 316.
765 864 881 911 (cum
902 874 1059 913 synon.
1085 868 1124 899 et
1143 861 1277 903 deser.
1300 864 1409 914 opt.)
1431 860 1573 906 Jffert.

228 924 269 957 et
297 915 434 958 Iloclz.
471 915 538 956 ΡΙ.
566 916 616 956 G.
649 915 686 956 I.
713 932 758 970 ρ.
784 916 880 956 632.
910 915 1043 954 Linl-z.
1067 915 1123 956 Η.
1146 915 1297 957 Berol.
1322 916 1422 971 Lp.
1457 933 1545 973 ιφ).

177 989 417 1041 Chrysurus
448 988 667 1028 echinatus
684 1018 694 1036 ‚
726 985 824 1025 Pal.
848 986 900 1026 de
918 984 1087 1026 Beanv.
1118 986 1174 1027 R.
1198 995 1237 1027 et
1261 986 1357 1028 Sclz.
1380 986 1420 1028 S.
1453 993 1495 1031 V.
1513 989 1576 1031 Il.

230 1059 277 1098 p.
307 1045 404 1086 806.
437 1043 590 1083 filant.
614 1042 677 1082 II.
696 1058 741 1098 ρ.
762 1050 858 1092 442.

180 1117 355 1156 leones:
386 1114 519 1170 Engl.
545 1113 644 1154 Bot.
670 1121 700 1155 t.
727 1114 843 1155 1333.
878 1111 1000 1153 Host.
1030 1111 1180 1157 Gram.
1204 1114 1265 1154 Π.
1291 1129 1335 1169 ρ.
1356 1117 1422 1170 67.
1451 1123 1481 1158 t.
1508 1120 1577 1173 95.

233 1169 468 1212 Schenchz.
494 1172 757 1222 Agroslogr.
777 1185 822 1225 p.
849 1171 918 1210 80.
944 1176 975 1210 t,
1002 1183 1038 1209 2.
1058 1168 1109 1224 j.
1135 1172 1174 1211 8.
1208 1169 1262 1210 Β.
1294 1170 1356 1210 D.

177 1240 360 1281 Habitat
387 1242 446 1282 ad
474 1241 650 1282 Monte·
665 1241 804 1283 Video.
841 1244 904 1292 Θ.
951 1240 1146 1295 (Sellow.
1176 1264 1230 1273 -
1268 1242 1363 1282 Vidi
1381 1241 1423 1283 in
1444 1241 1579 1287 Herh.

67 1296 178 1354 Reg.
207 1297 382 1351 Ber-ol.)

611 1416 765 1452 XLVII.
821 1417 1040 1453 BROML‘S.

234 1506 340 1549 Lin.
383 1522 467 1548 ree.
509 1507 644 1562 Rasp.
688 1505 860 1562 Classtf
911 1508 953 1548 in
996 1508 1116 1548 Ann.
1155 1508 1228 1548 des
1273 1524 1330 1551 sc,
1373 1519 1466 1555 nat.
1498 1511 1581 1556 IV.

233 1581 278 1619 p.
306 1568 399 1606 250.
432 1564 518 1603 tab.
557 1568 597 1606 V.
623 1579 667 1618 ρ.
691 1564 786 1613 438.

178 1639 386 1683 Bronms,
420 1635 551 1675 Palis.
572 1635 623 1674 de
642 1633 794 1674 Beana
821 1634 1002 1685 Agrost.
1025 1649 1070 1687 p.
1104 1635 1171 1678 86.
1200 1635 1286 1675 tab.
1310 1636 1522 1694 XVILf.
1543 1654 1582 1694 ι).

242 1703 285 1732 et
318 1693 622 1734 Schedonorus
655 1689 750 1730 Pal.
789 1691 840 1730 de
873 1689 1040 1730 Bemw.
1076 1690 1103 1730 l.
1137 1706 1171 1730 c.
1199 1707 1243 1745 p.
1273 1708 1339 1747 qt).
1375 1702 1405 1735 t.
1443 1695 1584 1739 λ’[Χ.

233 1745 279 1803 j}
322 1762 359 1788 2.
401 1748 456 1788 R.
496 1756 536 1787 et
577 1747 673 1787 Sclz.
709 1750 749 1786 S.
793 1747 840 1787 V.
880 1748 942 1785 II.
970 1761 1013 1799 ρ.
1048 1754 1116 1795 42.
1150 1747 1300 1788 filant.
1336 1752 1398 1790 H.
1427 1767 1471 1803 ρ.
1515 1766 1582 1793 20.

250 1803 370 1843 Trin.
399 1803 537 1844 Fami.
562 1807 743 1858 Agr-ost.
770 1818 815 1857 ρ.
850 1810 936 1846 150.
966 1813 1005 1842 et
1026 1804 1307 1845 Ceratochloa
1337 1805 1410 1846 De
1433 1807 1585 1858 caud„

242 1859 340 1900 Pal.
364 1859 415 1900 de
429 1859 598 1900 Beanv.
617 1860 644 1900 l.
670 1875 705 1900 c.
723 1875 767 1914 ρ.
788 1861 856 1912 75.
878 1866 908 1898 t.
930 1857 1034 1898 XV.
1053 1856 1100 1913 s.
1126 1875 1166 1913 7.
1195 1859 1315 1902 Tria.
1341 1861 1436 1917 Spr.
1453 1862 1584 1906 Link.

185 1931 420 1981 Festucae‚
453 1932 602 1972 Bromi
631 1946 720 1985 sp.‚
752 1929 860 1970 Lin.
883 1929 992 1969 Juss.
1024 1928 1082 1970 al.

209 2019 413 2084 Spicula
461 2019 726 2065 multiflora
782 2016 1023 2081 (flosculis
1076 2015 1297 2081 5—15.)
1383 2021 1588 2069 Glumae

79 2084 230 2139 duae,
267 2085 699 2140 membranaceae,
754 2083 1061 2147 inaequales,
1097 2085 1332 2142 mutio-ae,
1370 2087 1589 2135 flosculis

79 2149 358 2207 breviores,
413 2151 620 2197 inferior
655 2150 739 2195 uni
764 2178 781 2186 -
817 2150 1192 2213 septemnervis,
1242 2154 1465 2215 superior
1504 2156 1591 2200 tri-

76 2215 484 2262 undecimnervis.
570 2214 785 2262 Flosculi
831 2215 1018 2262 valvula
1068 2216 1273 2261 inferior
1315 2218 1403 2263 sub
1447 2221 1588 2282 apice

76 2281 325 2327 interdum
365 2281 578 2329 breviter
614 2281 869 2327 bidentato
920 2281 1131 2342 setigera
1187 2282 1260 2327 vel
1306 2282 1496 2346 integra
1539 2298 1587 2332 et

77 2346 284 2402 mutica,
340 2348 500 2394 nervis
533 2358 721 2410 septem
754 2346 997 2409 primariis
1041 2357 1258 2401 exarata,
1318 2348 1588 2414 interjectis

76 2412 271 2476 apicem
310 2429 476 2459 versus
518 2413 627 2458 aliis
665 2412 809 2457 basin
840 2428 1006 2458 versus
1040 2413 1439 2461 evanescentibus
1452 2433 1468 2474 3
1507 2432 1587 2462 su-

74 2477 241 2542 perior
276 2477 646 2542 conduplicata,
697 2477 837 2540 apice
877 2478 1074 2538 integra·
1101 2477 1174 2524 vel
1215 2476 1377 2525 bifida.
1445 2481 1593 2528 Lodi-

81 2543 220 2590 culae
242 2543 670 2597 membranaceae,
714 2542 1314 2598 lanceolato-subulatae‚
1352 2545 1592 2595 obovatae

79 2606 180 2671 (vel
216 2605 514 2670 truncatae.)
596 2609 835 2670 Stigmata
866 2607 1306 2670 aspergilliformia.
1378 2612 1592 2659 Germen

81 2674 224 2738 apice
254 2674 556 2737 pubescens,
617 2675 669 2720 in
714 2673 962 2719 nonnullis
1015 2672 1482 2738 (Ceratochloa)
1516 2678 1589 2725 lo-

74 2739 326 2785 bato-bi-
362 2739 438 2784 vel
470 2740 812 2794 tridentatum,
859 2739 999 2803 stylis
1037 2739 1163 2785 infra
1196 2739 1386 2803 apicem
1427 2744 1588 2790 antiee

78 2804 290 2852 insertis.
362 2805 627 2869 Caryopsis
663 2804 899 2868 oblonga,
937 2803 1154 2852 vah-ulae
1195 2807 1436 2870 superiori
1469 2825 1588 2856 con·

75 2880 190 2917 nata
227 2870 301 2919 vel
335 2869 504 2916 libera.

1013 2935 1114 2985 30*
