1788 3183
503 188 783 227 GRAmNEAE.
843 187 1136 226 Eusenosns.
1491 189 1574 234 507

182 306 418 349 Observ.
483 307 606 348 Anne
648 309 759 349 Poa
811 319 1012 359 aspera
1080 308 1230 361 Jacq.
1295 319 1412 347 mera
1450 307 1577 361 hujus

71 363 280 411 varietas,
313 365 478 403 cultura
512 361 759 404 luxurians?
809 365 920 403 Tum
943 376 1049 405 vero
1075 377 1234 404 nomen
1262 363 1479 418 antiquius
1510 364 1577 405 so·

70 428 138 460 ret
166 419 492 461 restituendum.

333 535 388 566 11.
425 536 816 568 ERAGROSTIS
849 537 1249 567 POLYTRIGHA.
1277 529 1301 570 †

185 609 236 647 E.
273 606 471 659 panicula
511 607 1096 658 raeemoso-decomposita,
1138 607 1268 646 ramis
1304 605 1577 648 verticillatis

73 662 284 717 elongatis
313 663 556 702 divaricatis
575 692 584 708 ,
617 662 998 702 ramificationibus
1028 663 1225 702 omnibus
1267 664 1395 718 longe
1431 663 1581 702 barba·

73 721 154 766 tis,
206 719 381 771 spiculis
427 719 793 772 ovato-oblongis
830 717 1116 765 subtrissoris,
1176 719 1336 758 valvula
1370 719 1580 759 inferiore

73 775 286 822 trinervi‚
319 776 458 816 culmo
494 784 668 824 erecto,
716 774 836 816 foliis
881 775 1117 814 linearibus
1152 775 1406 831 vaginisque
1439 775 1579 815 hirsu-

71 831 273 871 tissimis:

183 902 401 945 Vax-iat:
431 917 468 941 αι.
499 902 671 952 rhachi,
714 910 888 955 praeter
914 901 1093 949 barbas,
1126 900 1299 955 glabra;

182 980 221 1016 β.
251 972 401 1013 rhachi
427 973 615 1022 hirsuta,
647 973 843 1027 panicula
874 973 1054 1012 minore.

181 1045 320 1085 Radix
356 1044 552 1100 obliqua,
598 1043 719 1084 fibris
762 1042 968 1084 flexuosis
1006 1042 1421 1083 ruso-tomentosis.
1481 1042 1579 1083 Cul-

70 1115 163 1141 mus
190 1101 353 1155 pedalis
391 1110 433 1141 et
474 1100 814 1154 sesquipedalis,
863 1100 1057 1138 crassitie
1092 1113 1256 1152 pennae
1291 1097 1576 1146 columbinae,

74 1167 271 1205 erectus,
329 1157 769 1209 compressiusculus,
825 1155 981 1204 laevis,
1035 1155 1333 1208 quadrimodis,
1380 1155 1576 1208 simplex,

72 1223 188 1253 totus
214 1213 264 1253 ad
292 1214 530 1266 paniculam
564 1227 699 1268 usque
730 1211 963 1265 vaginatus.
1023 1212 1214 1266 Vaginae
1247 1220 1413 1258 arctae,
1454 1211 1578 1250 stria-

70 1278 164 1318 tae,
198 1269 297 1322 pilis
326 1270 467 1322 longis
499 1270 745 1322 patentibus
772 1269 905 1315 albis,
947 1266 1183 1306 tuberculis
1209 1267 1448 1320 impositis,
1489 1265 1578 1304 hir-

72 1326 330 1366 sutissimae.
392 1326 543 1379 Ligula
568 1326 772 1365 obsoleta.
835 1324 955 1364 Folia
985 1324 1168 1362 culmum
1207 1323 1300 1362 fere
1337 1322 1574 1376 aequantia,

72 1382 378 1436 sesquilineam
406 1382 509 1431 lata,
542 1382 747 1429 linearia,
792 1381 834 1419 in
866 1382 1029 1432 apicem
1063 1379 1578 1419 convoluto-subulatum

72 1447 313 1487 attenuata,
359 1439 661 1490 rigidiuscula‚
713 1437 822 1475 facie
866 1437 1142 1475 stlJtilissimt·
1183 1436 1329 1474 striata
1368 1444 1407 1473 et
1454 1433 1575 1486 palli-

70 1495 191 1534 diora
212 1524 223 1543 ,
256 1495 483 1548 utrinque,
518 1504 563 1533 ut
590 1494 790 1545 vaginae,
835 1493 1011 1531 hirsuta.
1072 1492 1274 1530 Panicula
1300 1491 1467 1530 ratione
1491 1489 1576 1529 cul-

70 1551 128 1589 mi
163 1551 456 1605 famplissima,
519 1551 739 1589 dimidiam
775 1550 899 1587 istius
945 1548 1256 1599 longitudinem
1296 1548 1571 1599 amplectens,

69 1616 228 1646 erecta.
302 1607 486 1646 thacbis
537 1607 753 1660 angulata,
808 1605 1094 1643 seubriuscula
1134 1605 1202 1642 vel
1245 1604 1372 1642 etiam
1410 1603 1573 1641 villosa.

69 1663 192 1702 Rami
244 1663 475 1702 inferiores
517 1662 540 1701 3
585 1685 635 1691 —
670 1664 695 1700 ὃ
759 1662 936 1713 pollices
990 1660 1131 1712 longi,
1201 1657 1576 1698 verticillatoterni

67 1719 136 1759 vel
173 1721 395 1773 quaterni,
454 1729 548 1770 post
598 1718 793 1756 antbesin
836 1717 1039 1764 refracti,
1094 1716 1184 1754 basi
1227 1714 1398 1761 callosi,
1461 1727 1576 1753 com·

70 1775 237 1828 pressi,
272 1775 411 1814 scabri
448 1785 575 1829 atque
603 1785 682 1813 tam
723 1774 762 1811 in
799 1774 966 1826 origine
1001 1787 1121 1825 quam
1160 1772 1208 1809 ad
1246 1771 1505 1809 ramulorum
1533 1777 1576 1808 et

67 1831 380 1884 pedicellorum
423 1833 569 1869 axillas
599 1840 781 1869 setarum
807 1829 1025 1882 longarum
1061 1827 1264 1866 fasciculo
1292 1826 1478 1873 barbati3
1510 1839 1575 1863 ra-

68 1888 173 1926 muli
204 1887 459 1938 simplieiter
491 1887 726 1932 raeemosi,
770 1896 987 1937 patentes,
1035 1883 1268 1922 inst-riores
1304 1880 1571 1936 quadriilori,

67 1944 200 1982 medii
232 1943 404 1990 billori,
447 1944 598 1982 summi
639 1940 826 1981 uniilori.
898 1942 1017 1980 llauti
1061 1940 1212 1978 summi
1244 1938 1464 1991 paniculae
1506 1936 1574 1976 vel

68 2000 324 2052 simpliciter
351 2000 562 2038 racemosi
591 2000 656 2037 vel
684 1999 857 2036 ramulis
892 1997 1058 2036 billoris
1083 1996 1296 2036 instructi.
1357 1993 1570 2033 Pedicelli

64 2055 321 2102 bifineares,
354 2056 703 2108 erecto-patuli,
748 2055 899 2092 scabri.
963 2053 1160 2104 Spiculae
1209 2051 1363 2089 lineam
1403 2051 1569 2102 longae,

66 2113 252 2166 primum
276 2113 510 2165 oblongae,
561 2112 659 2149 dein
694 2110 746 2148 ob
781 2110 981 2149 flosculos
1012 2110 1266 2146 divaricatos
1299 2107 1503 2146 obovatac
1529 2114 1572 2144 et

9 2209 11 2212 ,
70 2168 269 2217 obtusae,
303 2169 501 2222 glabrae,
534 2167 719 2211 virides,
752 2167 849 2205 bine
884 2166 979 2203 inde
1016 2165 1294 2210 luteseentes,
1339 2162 1570 2200 inferiores

65 2223 271 2273 bissorac,
309 2226 554 2277 superiores
591 2221 794 2262 trissorae.
856 2222 1031 2261 Glumac
1062 2219 1569 2271 oblongo-lanceolatae,

65 2278 288 2320 flosculum
335 2281 588 2319 inferiorem
633 2288 889 2332 aequantes,
936 2278 1078 2316 carina
1119 2276 1317 2321 scabrae,
1359 2275 1570 2312 lutesccn-

66 2345 158 2375 tes:
192 2337 377 2376 inferior
398 2337 598 2384 brevior,
631 2346 762 2375 acuta.
822 2334 1120 2373 Flosculorum
1149 2331 1335 2370 valvulae
1370 2329 1569 2383 aequales

66 2393 341 2447 ejusdemque
383 2394 475 2432 fere
513 2402 727 2431 texturae:
774 2390 958 2428 inferior
994 2389 1264 2433 lato-ovata,
1308 2395 1448 2431 acuta,
1494 2384 1570 2422 tri-

63 2450 235 2489 nervis:
267 2451 465 2502 superior
490 2448 705 2493 binervis,
739 2448 866 2486 dorso
896 2454 1090 2484 excavata
1119 2444 1403 2494 lateiibusque
1437 2438 1569 2479 defle-

63 2506 126 2544 xis
161 2507 384 2558 ca1·yopsin
423 2505 710 2557 amplectens,
753 2504 803 2541 ad
837 2500 1021 2540 flexurae
1060 2501 1234 2552 angulos
1274 2498 1433 2537 scabra.
1493 2497 1567 2536 Ca-

65 2562 232 2614 ryopsis
254 2571 396 2607 ovata,
429 2562 571 2606 fusca,
606 2559 754 2598 libera.

177 2615 357 2655 Habitat
390 2633 426 2656 οι.
454 2616 495 2654 in
520 2613 714 2654 Brasilia
746 2612 932 2653 curib-ali
958 2609 1129 2650 Sellow.
1163 2633 1215 2640 —--
1256 2607 1346 2650 Vidi
1369 2607 1409 2646 ιίι
1436 2604 1567 2648 Her-b.

61 2671 172 2727 Reg.
213 2671 362 2713 Berol.
397 2696 448 2703 —
478 2679 516 2715 β.
550 2671 591 2709 in
619 2671 779 2724 campis
816 2668 974 2709 limosis
1005 2666 1105 2705 altis
1133 2680 1269 2720 prope
1313 2662 1419 2703 lilla
1455 2661 1565 2701 Rica

60 2727 242 2783 aliisque
268 2728 372 2768 locis
393 2727 647 2782 prouinciae
675 2726 935 2775 filimarum,-
965 2747 1021 2754 —-
1050 2722 1210 2776 ..η’ρνίίί.
1245 2719 1430 2770 (Πανί.)
1462 2724 1507 2769 (0)

177 2786 407 2827 Observ.
468 2784 646 2824 Accedit
686 2784 791 2823 haec
830 2781 1124 2834 Eragrosti
1170 2775 1442 2829 capillari
1486 2773 1561 2824 (cf.

63 2841 172 2882 Adn.
200 2843 251 2882 ad
272 2844 422 2895 Eragr.
451 2856 512 2895 sp.
535 2842 615 2888 8.)‚
661 2855 683 2879 a
720 2856 801 2895 qua
840 2838 988 2879 differt
1017 2836 1217 2875 foliorum
1248 2842 1289 2872 et
1317 2832 1563 2886 vaginarum

58 2897 221 2954 insigni
251 2898 461 2947 hirsutie‚
504 2897 700 2952 panicula
732 2896 913 2937 maxime
948 2893 1180 2934 divaricata
1207 2888 1439 2942 barbisque
1468 2887 1562 2928 lon-
