1788 3183
503 185 784 226 onmium.
843 187 1163 225 ARFNDINAIUA.
1498 188 1577 229 525

88 303 218 356 gibbo
257 303 434 357 basique
470 305 704 345 unisulcato
744 305 990 359 ibidemque
1020 304 1218 343 lodiculis
1244 305 1576 357 persistentibus

87 360 223 399 cincta
245 389 254 405 ,
287 360 408 412 apice
434 360 602 400 residua
625 360 721 412 styli
753 361 842 399 basi
870 361 1173 400 mucronulata.

196 427 374 467 Habizal
411 460 520 469 .....
560 433 594 480 ’5
610 461 617 469 .
677 430 866 480 (Sellow.
934 430 1026 469 Vidi
1047 431 1089 469 in
1117 428 1382 489 Her-I).·Reg.
1405 428 1576 484 Berol.)

379 530 449 565 (ΖΓ.)
486 541 790 569 ARUN‘DINA
810 543 906 570 RIA
944 541 1286 569 PINIFOLIA.

201 608 249 646 A.
277 609 452 647 ramulis
475 609 847 648 semivcrlicillalis
871 610 1084 662 appressis
1109 609 1364 648 ‹licliotomis
1381 607 1579 662 foliisque

86 663 485 702 lineai·i—suluila'.is
506 664 662 717 glabris
694 664 1044 713 confertissimis,
1078 665 1241 716 vaginis
1271 679 1481 704 ramorum
1515 666 1577 716 ju-

87 720 254 758 niorum
279 720 389 758 infra
420 721 654 759 verticillos
681 721 932 759 ramulorum
967 721 1114 773 amplis
1137 720 1369 773 cuspidatis
1396 720 1575 773 aphyllis

90 788 304 813 scariosis.

201 830 387 868 Tametsi
420 828 548 869 ssores
578 830 743 876 desint,
797 829 1114 870 considerantes
1147 845 1314 870 omnem
1353 830 1576 870 crescendi

89 884 260 925 modum
315 887 723 925 Arundinariae
773 887 962 939 speciem
1015 900 1133 932 esse,
1202 888 1271 927 vix
1325 886 1574 926 dubitamus.

89 943 286 980 Truncus
311 941 539 989 arboreus,
571 942 822 993 sexpedalis.
879 941 1000 981 Rami
1022 942 1169 981 adsunt
1192 942 1382 981 crassitie
1410 955 1576 995 pennae
1600 955 1604 959 ·

91 997 338 1044 anserinae,
371 1005 544 1045 teretes,
578 998 851 1036 subtilissime
874 998 1026 1044 striati,
1058 998 1217 1051 glabri,
1248 997 1404 1050 lignosi
1434 1007 1475 1037 et
1507 1011 1576 1038 so-

89 1052 194 1099 lidi,
239 1052 410 1091 ramulis
450 1053 779 1092 confertissimis
807 1054 968 1093 strictis
1004 1054 1173 1093 foliosis
1214 1066 1367 1106 scopae
1398 1054 1447 1092 ad
1478 1067 1576 1106 spe-

91 1109 202 1147 ciem
228 1109 352 1156 teeti,
385 1109 638 1148 internodiis
656 1109 720 1148 vix
741 1109 1086 1162 bipollicaiibus.
1119 1110 1328 1162 geniculis
1350 1109 1466 1148 sulco
1493 1110 1575 1148 cir-

91 1164 225 1204 culari
250 1179 274 1203 a
297 1177 394 1203 casu
431 1165 607 1218 vaginae
643 1165 880 1217 insculptis.
935 1166 1055 1203 Rami
1090 1165 1281 1217 juniores
1322 1164 1417 1204 loco
1449 1163 1577 1204 folio-

92 1234 187 1259 rum
228 1220 465 1258 vestiuntur
505 1221 667 1274 vaginis
717 1220 955 1259 internodio
1003 1220 1269 1274 longioribus
1305 1220 1576 1273 amplissimis

94 1275 296 1315 scariosis
330 1277 465 1315 ovatis
494 1277 725 1329 cuspidatis
758 1277 876 1315 basin
915 1290 1057 1314 versus
1095 1276 1393 1322 laeviusculis,
1440 1277 1574 1328 apice,

95 1340 137 1371 et
174 1332 352 1384 cuspide
385 1333 664 1384 praesertim,
718 1332 1122 1377 nervoso-striatis,
1166 1332 1324 1384 glabris
1366 1331 1575 1378 deciduis,

95 1400 147 1425 ex
170 1401 345 1441 quarum
374 1388 508 1426 axillis
536 1389 791 1427 ramulorum
832 1387 1022 1427 fasciculi
1050 1387 1258 1426 oriuntur.
1316 1387 1481 1425 Ramuli
1504 1401 1580 1425 un-

93 1443 232 1482 decim
259 1444 311 1482 ad
338 1443 586 1489 duodecim,
616 1444 851 1482 alternatim
880 1443 1256 1488 semiverticillati,
1290 1442 1450 1489 erecti,
1481 1443 1580 1480 stri-

94 1498 176 1545 cti,
209 1499 283 1538 sed
310 1507 485 1545 tenues,
519 1499 783 1553 compressi,
826 1499 984 1552 glabri,
1028 1499 1118 1537 basi
1149 1496 1378 1544 denudati,
1411 1497 1578 1550 apicem

94 1568 243 1594 versus
272 1555 403 1593 dense
439 1554 610 1602 foliosi,
653 1572 674 1594 a
711 1555 799 1593 basi
833 1555 896 1593 bis
934 1564 1050 1593 terve
1082 1553 1315 1593 ‹licliotomi
1355 1562 1396 1592 et
1429 1553 1482 1591 ob
1512 1567 1578 1592 ra-

93 1610 227 1648 mulos
265 1610 501 1664 fastigiatos
538 1625 632 1650 cuin
669 1610 785 1650 foliis
821 1611 1205 1663 disticho—patulos
1243 1608 1575 1648 {labelliformes.

93 1667 130 1705 E
156 1667 414 1705 ramulorum
455 1668 697 1706 tenuiorum
725 1667 785 1704 ala
820 1666 1055 1709 hincinde
1091 1665 1278 1717 exsui-git
1307 1678 1443 1703 ramus
1469 1664 1577 1702 alter

93 1722 321 1773 primarius
345 1721 522 1768 fortior,
555 1723 727 1761 ramulis
753 1722 1126 1761 semiverticillatis
1156 1730 1196 1758 et
1231 1723 1345 1771 ipse,
1379 1719 1452 1759 sed
1478 1734 1577 1772 pau-

95 1777 287 1817 cioribus
313 1778 356 1816 in
382 1778 617 1825 verticillo,
650 1779 697 1816 ad
732 1778 924 1831 genicula
955 1778 1214 1820 instructus,
1258 1775 1367 1822 illis,
1410 1775 1484 1829 qui
1507 1775 1578 1813 ba-

96 1833 160 1871 sin
190 1834 323 1885 ipsius
347 1834 547 1887 cingunt,
590 1833 799 1872 similibus
831 1833 1044 1885 similique
1069 1845 1280 1870 ramorum
1306 1830 1470 1883 vagina.
1503 1831 1578 1869 sed

94 1888 236 1928 multo‘
256 1889 446 1936 minore,
493 1889 543 1928 ad
572 1899 711 1929 ortum
737 1889 949 1928 involutis.
1008 1887 1195 1939 Vaginae
1219 1886 1474 1924 ramulorum
1501 1886 1578 1924 im-

92 1944 301 1993 bricatae,
342 1945 520 1991 breves,
563 1958 857 1999 compressae,
901 1944 1132 1987 carinatae,
1180 1942 1270 1980 basi
1304 1940 1468 1989 laeves,
1511 1955 1578 1980 su-

90 2013 225 2054 perne
250 2001 456 2047 sulcatae,
489 2001 685 2055 glabrae,
717 2001 838 2053 apice
861 2000 1206 2039 membranaceae
1233 1997 1482 2036 rotundatae
1513 1997 1578 2035 in-

94 2064 256 2109 tegrae.
313 2057 463 2109 Ligula
498 2057 608 2096 nulla
646 2057 731 2095 nisi
766 2069 912 2109 margo
952 2055 1139 2108 vaginae.
1199 2053 1318 2092 Folia
1356 2051 1462 2091 infra
1486 2053 1577 2104 api-

93 2124 186 2150 cem
210 2112 385 2165 vaginae
408 2113 583 2153 articulo
603 2113 760 2151 inserta
783 2111 1017 2164 relictaque
1038 2108 1236 2148 cicatrice
1257 2108 1458 2157 decidua,
1489 2122 1576 2146 ses-

92 2167 210 2216 silia‚
243 2169 561 2221 approximata,
594 2168 800 2217 disticha,
841 2168 1005 2220 patula,
1048 2164 1230 2219 rigidula
1266 2173 1308 2204 et
1340 2163 1458 2217 quasi
1484 2177 1574 2201 are-

90 2234 212 2269 rosa,
245 2224 446 2276 pollicem
476 2239 489 2262 1
509 2225 626 2276 —1{-
650 2225 798 2276 longa,
839 2222 1100 2261 semilineam
1126 2222 1229 2269 lata,
1268 2219 1444 2257 linearia
1463 2246 1473 2264 ,
1507 2232 1574 2255 su-

90 2279 518 2326 hulam-acuminata,
551 2279 709 2333 glabra,
743 2293 867 2330 supra
882 2277 1137 2317 laeviuscula
1164 2274 1449 2322 canaliculata,
1481 2273 1576 2311 sub-

90 2343 156 2373 tus
188 2335 345 2374 sulcata
378 2336 663 2381 subcarinata,
709 2334 1040 2387 septemncrvia,
1086 2330 1312 2371 concolora
1458 2328 1575 2367 Reli-

90 2404 171 2445 qua
200 2391 335 2430 adhuc
357 2391 666 2430 desiderantur.

199 2458 379 2500 Habitat
404 2461 445 2499 in
467 2460 566 2499 allis
585 2459 764 2513 peirosis
782 2457 938 2506 aridis,
970 2458 1096 2494 Serra
1121 2455 1173 2494 (Io
1202 2456 1308 2492 Ilum
1319 2456 1363 2490 ³18
1384 2453 1439 2491 da
1466 2451 1574 2493 I'illct

88 2515 231 2559 dictis,
264 2523 303 2555 et
335 2515 440 2555 alibi
466 2517 506 2555 in
530 2516 723 2554 districtu
752 2514 1046 2552 Adumanltcm
1066 2510 1313 2564 provinciae
1333 2508 1572 2555 illinarmn,

88 2572 166 2612 alt.
187 2571 298 2612 3000
328 2596 337 2598 -
378 2581 487 2621 4000
511 2571 683 2626 pedum,
714 2569 957 2609 densissima
971 2564 1185 2621 ιΙίηιίίσσία
1207 2573 1385 2605 struens.
1419 2563 1570 2624 (gilas-

87 2629 204 2678 tius.)
252 2631 310 2676 15.
370 2627 490 2677 (lidi
523 2627 647 2666 etiam
691 2625 731 2664 iu
779 2623 905 2663 Herh.
953 2624 1061 2676 Meg.
1102 2621 1247 2661 Bet-ol.
1265 2651 1275 2668 ,
1327 2635 1352 2657 a
1387 2618 1571 2658 Sellovto

86 2685 211 2723 missa
234 2682 465 2735 exempla.)

198 2755 270 2793 Ad
284 2770 307 2793 n
323 2770 345 2794 0
364 2766 386 2792 2.
451 2758 479 2792 A
495 2767 515 2792 r
530 2768 551 2789 u
567 2767 590 2790 n
607 2751 694 2790 din
710 2765 729 2789 a
747 2766 762 2788 ιΔ
778 2752 789 2788 i
804 2768 822 2788 a
838 2764 860 2789 e
899 2749 1068 2803 generis
1101 2747 1265 2799 species
1284 2776 1292 2790 ,
1341 2759 1441 2799 quas
1473 2757 1571 2796 cog-

85 2811 279 2852 novimus
310 2820 352 2851 et
391 2808 746 2854 examinavimus,
789 2820 932 2846 omnes
975 2804 1089 2844 sacili
1132 2801 1306 2856 negotio
1339 2802 1392 2839 ila
1423 2801 1571 2839 disziu-

85 2878 288 2922 guuntur:
732 2859 739 2867 ’
