1788 3183
247 153 304 195 18
722 148 1008 189 Gnnfflnun.
1066 149 1299 188 Parnm.

815 267 885 303 111.
922 266 1189 303 PASPALUS.

367 344 538 401 Flfigge
562 343 777 402 Monogr.
796 363 843 403 p.
864 350 933 392 53.
965 347 1022 392 R.
1046 356 1085 388 et
1107 347 1204 389 Sch.
1229 347 1273 389 S.
1303 347 1353 391 V.
1373 347 1437 389 II.
1459 363 1505 402 ρ.
1539 348 1584 390 13
1606 355 1645 388 et
1676 356 1738 396 ¹4·

363 413 613 467 Paspalum‚
656 412 765 454 Lin.
803 414 910 455 Gen.
942 414 1008 469 pl.
1035 415 1099 455 ed.
1135 412 1309 455 Schreb.
1349 413 1383 454 Ι.
1422 430 1468 469 ρ.
1490 415 1560 465 46.
1598 432 1641 456 η.
1673 429 1764 465 107.

419 468 532 508 Juss.
565 469 670 508 (J'en.
694 469 825 532 l’lss‘p’
853 484 919 524 29.
952 470 1131 525 Spreng.
1158 470 1268 511 Anl.
1298 469 1363 511 II.
1396 487 1428 511 ι.
1449 486 1494 525 ρ.
1527 474 1615 513 152.
1640 469 1684 512 S.
1717 469 1764 510 V.

418 540 463 578 p.
496 525 586 565 131.
624 523 798 565 Trtmus
816 527 1083 581 Agr-oslogr.
1104 543 1149 581 ρ.
1178 541 1271 568 102.
1305 529 1367 569 18.

365 590 524 630 *Humln
548 598 588 629 et
611 589 763 630 ΙὶιιιιίΙι
796 592 851 632 Ν.
875 592 978 633 Gen.
1008 601 1046 633 et
1073 592 1144 648 Sp.
1169 592 1206 633 J.
1226 609 1269 647 ρ.
1296 595 1381 643 85,
1414 591 1579 633 ΗιιηίῘι.
1601 590 1708 654 Syn.
1729 590 1767 632 I.

416 661 461 699 ρ.
494 646 583 695 ι64.
617 647 749 697 (excl.
771 649 991 702 speciebus
1009 649 1274 699 panio-alatis
1295 657 1334 688 el
1359 664 1517 703 genere
1540 647 1765 689 Reunaria

421 700 614 756 Flt't'gge)
620 732 631 742 .

365 768 591 824 Paspalum
606 797 617 815 ‚
683 767 827 819 (Ταῦ.
862 777 902 813 5.
936 766 1025 826 fig.
1047 771 1088 812 3.
1107 770 1123 822 )
1139 801 1149 818 ‚
1202 773 1437 826 Axonopus
1487 780 1530 811 et
1575 769 1767 817 Ceresia,

422 821 570 874 (Tah.
594 826 636 866 5.
663 821 751 879 fig
779 827 852 878 4.)
898 824 995 867 Pal.
1022 827 1075 867 de
1104 826 1277 868 Beana.
1303 829 1487 882 Agrost.
1520 841 1564 881 ρ.
1593 838 1765 881 9—12.

362 889 604 944 Digitariae
635 893 788 946 Spec.‚
823 890 1006 948 Spreng.
1494 892 1496 894 ¹

365 956 579 1007 Cabrera,
607 955 679 996 La
703 957 833 1002 Gasc.
865 958 972 1001 Gen.
997 966 1037 999 et
1053 957 1176 1014 Spec.
1205 959 1436 1016 Diagn.p.
1452 963 1494 1003 5.
1524 957 1580 999 R.
1605 965 1644 997 et
1669 954 1766 999 Sele.

424 1010 468 1053 S.
503 1013 549 1054 V.
575 1012 641 1056 ll.
661 1029 707 1069 p.
729 1015 798 1056 31.

386 1082 571 1148 Calyx
614 1086 900 1149 uniglumis,
939 1087 1169 1144 bissorus,
1203 1089 1365 1152 gluma
1392 1087 1624 1134 inferiore
1652 1085 1766 1131 defi-

255 1147 416 1194 ciente
467 1150 748 1206 (rarissime
800 1170 890 1217 per
939 1154 1198 1201 varietates
1242 1171 1408 1200 rursus
1456 1150 1761 1211 accedente).

254 1213 358 1259 Flo
374 1230 394 1259 s
409 1231 434 1259 c
446 1231 477 1259 u
489 1215 505 1260 l
517 1233 547 1260 u
561 1233 582 1261 s
617 1218 675 1262 in
687 1217 781 1263 fer
792 1218 807 1263 i
819 1236 848 1265 o
861 1236 886 1263 ι·
912 1231 1086 1265 neuter
1101 1220 1351 1275 univalvis,
1367 1219 1554 1267 valvula
1572 1217 1761 1279 glumae

251 1280 483 1342 opposita
502 1281 760 1347 eidemque
778 1284 829 1330 in
849 1284 1072 1348 plurimis
1090 1285 1422 1347 magnitudine
1445 1297 1591 1347 atque
1611 1282 1762 1345 figura

252 1361 483 1407 congrua,
521 1346 731 1409 glumam
757 1350 1062 1413 superiorem
1086 1351 1294 1413 fingente
1308 1384 1320 1406 ,
1357 1350 1417 1415 pl
1431 1367 1501 1395 an
1515 1366 1556 1395 a.
1593 1348 1658 1394 Fl
1673 1365 1700 1393 o
1715 1363 1758 1392 s-

252 1426 278 1454 e
291 1409 349 1454 ul
361 1428 391 1454 u
405 1427 426 1455 s
461 1428 482 1456 s
494 1429 567 1475 up
583 1431 609 1458 e
623 1414 719 1460 rio
733 1432 757 1459 r
782 1415 1228 1480 hermaphroditus,
1265 1416 1468 1463 bivalvis
1482 1449 1495 1471 ‚
1531 1414 1757 1467 muticus,

251 1475 536 1521 chartaceus
550 1510 563 1532 ,
602 1479 653 1523 in
683 1480 844 1526 fructu
875 1481 1190 1544 cartilagineo
1207 1510 1224 1518 -
1242 1482 1512 1527 induratus.
1581 1482 1620 1525 L
1636 1496 1664 1524 o
1679 1478 1710 1522 d
1723 1477 1761 1522 i-

252 1556 278 1584 c
290 1539 350 1584 ul
365 1557 392 1585 a
404 1557 430 1585 e
468 1554 720 1590 truncatae
759 1546 833 1591 vel
866 1563 1154 1610 praemorso
1169 1575 1186 1583 -
1202 1547 1292 1593 den
1300 1559 1427 1593 tatae
1442 1580 1453 1600 ,
1508 1556 1758 1607 angustae.

251 1605 286 1650 C
301 1622 326 1650 a
340 1623 364 1649 r
378 1623 409 1669 y
423 1623 451 1651 o
462 1623 495 1670 p
510 1608 593 1653 sis
634 1609 835 1657 valvulis
865 1612 1057 1658 flosculi
1087 1612 1325 1658 induratis
1356 1611 1559 1657 inclusa.

379 1673 400 1714 1
411 1690 444 1716 11
456 1672 498 1717 fl
513 1691 540 1718 o
556 1691 580 1718 Γ
591 1690 616 1718 e
630 1691 651 1719 s
666 1691 692 1721 e
705 1692 730 1720 e
743 1693 776 1720 n
787 1688 806 1722 t
821 1675 836 1720 i
850 1694 877 1722 a
902 1677 1219 1733 unilateralis,
1258 1678 1309 1723 in
1332 1677 1503 1723 rhaehi
1530 1676 1639 1741 plus
1670 1673 1760 1719 mi-

249 1750 398 1782 nusve
425 1736 625 1784 dilatata
645 1740 813 1787 subtus
837 1742 1056 1789 carinata
1074 1744 1227 1790 rarius
1257 1743 1489 1797 solitaria,
1526 1753 1580 1786 ut
1605 1739 1758 1804 pluri-

248 1816 379 1844 mum
400 1803 593 1863 gemina
610 1805 683 1851 vel
702 1806 924 1868 pluribus
941 1808 1262 1872 plurimisque
1283 1809 1331 1853 in
1350 1809 1520 1854 rhaehi
1542 1822 1758 1853 commu-

247 1865 298 1910 ni
311 1898 324 1921 ,
363 1869 688 1931 compositam
716 1871 1130 1920 inflorescentiam
1156 1875 1472 1936 ingrediente.
1531 1870 1758 1936 Spiculae

247 1930 457 1987 sessiles‚
495 1934 569 1979 vel
589 1934 723 1982 brevi
739 1937 1016 1999 pedunculo
1040 1940 1316 2003 impositae,
1352 1952 1468 1985 tunc
1489 1938 1552 1984 ob
1571 1937 1757 2001 pedun-

248 1995 409 2041 culum
436 1997 637 2045 bifidum
669 2013 717 2047 et
744 2002 974 2049 biflorum
1005 2006 1251 2066 geminae,
1306 2005 1584 2051 alternatim
1610 2018 1756 2066 saepe

246 2060 547 2119 imbricatae,
587 2066 826 2113 distiehae
849 2069 925 2115 vel
944 2071 1273 2116 tetrastichae.
1315 2071 1504 2125 Gluma,
1541 2069 1756 2114 rariusve

245 2126 434 2174 valvula
462 2141 659 2186 neutra,
698 2133 867 2179 rhachi
899 2135 1125 2191 adversa,
1185 2134 1415 2199 (qualem
1449 2137 1755 2181 inversam

245 2192 485 2254 spieulam
531 2196 924 2260 appellaverim).
1023 2200 1257 2247 Panicula
1301 2219 1415 2249 vera
1469 2199 1754 2246 excluditur.

244 2257 459 2304 Rhachis
486 2262 708 2323 partialis
741 2280 769 2309 a
796 2264 946 2326 figura
979 2267 1219 2330 triquetra
1250 2266 1539 2331 expanditur
1573 2265 1624 2310 in
1651 2263 1756 2328 pla-

240 2338 357 2367 num
390 2323 602 2389 denique
632 2328 1058 2377 membranaceum
1092 2332 1383 2378 latissimum
1415 2330 1751 2395 cymbiforme,

241 2387 454 2451 spiculas
498 2407 525 2435 a
563 2391 714 2438 latere
760 2406 942 2457 tegens.
1049 2397 1305 2444 Accedunt
1356 2398 1408 2443 in
1462 2395 1756 2461 quibusdam

241 2464 376 2499 setae
407 2454 468 2500 ad
498 2455 640 2503 basin
676 2457 974 2521 spicularum
1002 2463 1391 2520 involucrantes,
1440 2462 1515 2511 vel
1546 2462 1600 2507 in
1626 2478 1753 2506 mar-

239 2517 352 2580 gine
379 2519 602 2568 foveolae
627 2522 894 2582 rhaeheos,
933 2528 1173 2593 spiculam
1198 2529 1249 2574 in
1276 2529 1451 2575 harum
1475 2527 1750 2592 specierum

241 2582 535 2645 quibusdam
562 2589 864 2654 recipientis.

345 2663 453 2702 Adn
468 2673 536 2705 ot.
568 2668 601 2706 Ι.
659 2670 807 2709 Genus
829 2671 1093 2724 Paspalus
1123 2686 1353 2727 suppressa
1377 2671 1517 2727 gluma
1539 2670 1745 2711 inferiori

235 2728 261 2754 e
297 2718 504 2761 Panico
549 2722 712 2774 oritur,
768 2740 876 2780 quae
909 2729 1050 2782 gluma
1090 2730 1135 2770 in
1173 2728 1404 2769 Panicis
1432 2728 1744 2783 Digitariis

230 2771 457 2814 admodum
477 2791 606 2841 parva
621 2807 631 2826 ‚
663 2780 767 2835 quin
789 2782 921 2823 immo
946 2784 1197 2836 exilissima,
1229 2785 1301 2826 vix
1321 2793 1480 2825 mutata
1502 2784 1746 2839 specierum

229 2827 396 2879 fOPmao
439 2831 625 2888 demque
647 2837 888 2887 evanescit,
937 2840 1172 2898 eademque
1210 2855 1315 2882 vero
1344 2849 1387 2881 et
1416 2840 1460 2879 in
1488 2840 1743 2896 quibusdam

228 2885 452 2941 Paspali
481 2891 657 2944 generis
684 2893 936 2946 speciebus,
977 2910 1016 2940 v.
1043 2910 1082 2939 c.
1136 2899 1182 2938 in
1213 2899 1262 2939 P.
1289 2896 1551 2954 vaginato
1582 2898 1667 2939 Sw.
1696 2905 1742 2938 et
