1788 3183
336 183 621 224 emmunim.
681 185 900 224 Tmnms.
959 185 1240 226 CALornEcA.
1461 189 1546 231 477

148 302 331 343 Habitat
361 302 404 342 in
438 302 699 358 graminosis
725 302 782 342 ad
812 300 999 354 flaviam
1038 302 1080 343 S.
1122 302 1344 344 Francisci
1374 305 1416 346 in
1449 322 1549 361 pro-

41 360 182 400 vincia
221 357 431 399 Bahiensi
476 366 517 398 et
567 357 951 410 Pernambucana,
1004 360 1063 399 ad
1093 359 1290 401 Joazeiro
1333 369 1374 401 et
1423 364 1541 404 alibi.

42 415 194 456 Floret
224 414 387 470 Aprili.
449 412 536 466 21.?

160 488 339 528 Obser
353 500 388 524 v.
469 484 793 527 lnssorescentia
845 487 1011 526 aceedit
1056 488 1370 542 quodammodo
1420 491 1550 544 Dip-

38 543 277 583 lachnae
308 542 697 583 fasciculatae
717 573 727 591 ‚
762 541 836 582 sed
856 542 1027 597 longius
1052 554 1195 584 tamen
1219 545 1351 585 distat
1379 544 1430 585 ab
1461 561 1551 587 om-

40 599 167 640 nibus
191 599 256 640 sui
282 598 471 653 generis.

552 717 664 754 Lxx.
712 717 1025 754 CALOTHECA.

203 803 361 854 Dese„
393 820 478 847 rec.
508 804 604 845 Pal.
630 807 681 846 de
714 804 881 847 Beauv.
906 806 1088 860 Agr-ost.
1114 823 1161 861 ρ.
1188 809 1253 850 85.
1280 809 1368 851 [ab.
1392 808 1550 852 XVII.

192 859 237 916 j}
265 877 306 914 7.
342 861 464 902 Tria.
492 860 629 902 and.
663 862 843 916 Agrost.
873 878 920 917 p.
956 864 1043 911 146.

149 933 403 982 Calotheca‚
439 931 654 973 Desvaux
683 931 835 972 Jonrn.
862 932 914 971 de
935 931 1039 974 Bot.
1071 934 1189 975 1313.
1209 950 1254 990 ρ.
1279 952 1348 990 7ι.
1373 951 1441 991 72.

145 1006 296 1045 Bromi
327 1019 417 1058 sp.‚
448 1002 578 1044 Lam.
603 1011 734 1057 atque
761 1001 816 1042 H.
846 1011 886 1042 et
913 1002 969 1046 Ii.

167 1092 369 1156 Spicula
411 1092 643 1148 unissora,
700 1090 915 1137 flosculis
967 1090 1252 1140 imbricatis.
1336 1097 1542 1144 Glumae

35 1157 226 1222 spicula
267 1157 542 1213 breviores,
579 1157 801 1203 muticae.
870 1156 1211 1204 Flosculorum
1246 1160 1435 1208 valvula
1472 1163 1548 1208 in-

37 1223 189 1268 serior
220 1224 436 1285 margine
468 1240 613 1287 saepe
649 1222 903 1286 ampliata,
951 1222 1040 1268 sub
1069 1225 1209 1287 apice
1241 1225 1430 1289 integro
1467 1245 1545 1274 se..

38 1289 220 1354 tigera3
260 1289 482 1344 superior
511 1289 664 1334 multo
693 1287 910 1342 brevior,
948 1288 1087 1350 apice
1109 1292 1380 1353 appendice
1408 1293 1545 1341 brevi

38 1354 215 1400 obtusa
235 1353 496 1410 instructa,
534 1354 609 1400 vel
634 1353 796 1399 medio
826 1354 1049 1398 infracta.
1106 1356 1370 1402 Lodiculac
1396 1376 1548 1404 mem-

36 1418 337 1475 branaceae,
395 1431 662 1466 truncatae.
745 1418 984 1480 Stigmata
1041 1419 1372 1484 subplumosa.
1454 1425 1544 1470 Ca-

38 1486 235 1549 ryopsis
263 1485 456 1549 postico
487 1484 784 1539 unisulcata,
821 1484 991 1529 libera.

166 1565 536 1612 Inssorescentia
565 1563 871 1629 paniculata,
923 1563 1244 1627 subsimplex,
1303 1565 1435 1623 laxa,
1481 1593 1547 1604 -—-

36 1630 254 1677 rariusve
302 1631 586 1694 subspicata
638 1630 721 1688 (an
757 1629 948 1692 species
996 1629 1295 1691 genuinae?)
1331 1659 1397 1667 —
1434 1633 1546 1699 Spi-

35 1695 174 1742 culae
211 1713 356 1761 saepe
394 1697 552 1752 latae,
590 1695 889 1742 luizoidcae.

381 1833 412 1863 1.
447 1835 806 1864 CALornECA
840 1835 1134 1863 BARBATA.
1178 1825 1201 1866 †

148 1927 194 1966 C.
222 1925 419 1979 panicula
444 1940 660 1965 racemosa
697 1934 868 1973 erecta,
909 1925 1136 1978 pedicellis
1171 1925 1454 1966 inferioribus
1484 1927 1551 1968 hi-

33 1980 181 2031 ssoris,
215 1982 394 2036 spiculis
423 1982 754 2021 suborbiculatis
782 1980 1081 2029 decemssoris‚
1125 1990 1216 2021 seta
1246 1983 1451 2022 valvulam
1482 1999 1547 2024 se-

31 2039 193 2078 riceam
221 2048 457 2093 aequante,
493 2039 718 2091 superiore
748 2038 908 2079 valvula
940 2037 1120 2077 infracta
1158 2037 1288 2077 barba
1324 2050 1541 2092 porrecta,

35 2094 156 2134 foliis
181 2095 317 2148 planis
345 2094 596 2148 vaginisque
619 2094 800 2134 villosis.

148 2151 284 2190 Radix
314 2150 484 2196 fibi-osa,
508 2150 727 2198 undulata,
762 2150 868 2189 alba.
934 2149 1072 2189 Culmi
1100 2150 1347 2203 caespitosi,
1380 2152 1449 2191 vix
1476 2166 1548 2204 pe—

34 2206 173 2253 dales,
208 2207 401 2247 crassitie
426 2205 489 2245 {ili
513 2207 793 2260 emporetici,
835 2207 1132 2254 teretiusculi‚
1176 2206 1345 2253 laeves,
1390 2207 1545 2260 glabri,

31 2263 152 2301 basin
191 2277 341 2303 versus
379 2262 601 2309 trinodes,
653 2263 705 2301 ad
747 2261 883 2302 nodos
931 2263 1130 2302 infracti.
1179 2264 1365 2308 ramosi,
1414 2265 1543 2302 ramis

29 2319 241 2372 elongatis
264 2319 437 2359 erectis.
497 2320 685 2370 Vaginae
709 2332 1008 2370 compressae,
1055 2318 1292 2361 carinatae,
1341 2319 1536 2359 sti-imae:

27 2375 261 2415 inferiores
299 2374 640 2429 glabriusculae,
690 2374 824 2413 nodos
867 2383 1122 2428 aequantes3
1184 2374 1434 2426 superiores
1471 2390 1538 2414 su-

27 2445 161 2483 perne
189 2432 290 2484 pilis
316 2445 337 2469 e
361 2430 593 2470 tuberculis
617 2430 854 2469 orientibus
876 2431 1128 2481 adspersae,
1163 2429 1420 2468 internodiis
1437 2430 1534 2469 bre-

27 2488 198 2534 viores,
240 2503 261 2527 a
294 2488 433 2526 culmo
465 2486 752 2525 dehiscentes.
827 2487 977 2540 Ligula
1016 2487 1224 2525 obsoleta.
1286 2486 1407 2525 Folia
1440 2500 1537 2526 erc-

29 2554 122 2590 cta,
156 2543 300 2596 plana,
334 2542 487 2593 2—2}
515 2543 695 2595 pollices
724 2542 876 2595 longa,
912 2542 1065 2581 lineam
1110 2543 1152 2594 1}
1187 2541 1292 2589 lata,
1339 2542 1533 2591 linearia,

29 2601 293 2645 acuminata,
324 2599 501 2646 viridia,
550 2599 737 2652 margine
776 2597 1278 2638 murinam—denticulata
1310 2607 1351 2636 et
1379 2598 1534 2646 einata,

31 2657 262 2708 utrinque,
306 2655 438 2709 magis
481 2664 621 2693 tamen
659 2669 793 2707 prona
837 2654 880 2692 in
913 2654 1048 2703 facie,
1091 2652 1254 2692 villosa.
1331 2654 1533 2693 Panicula

30 2712 158 2765 longe
185 2721 378 2758 exserta,
421 2720 586 2757 erecta,
630 2711 1002 2749 laxo-racemosa.
1059 2707 1244 2749 Rhachis
1274 2709 1444 2748 inferne
1473 2719 1536 2749 te-

30 2781 128 2813 res,
178 2781 364 2820 superne
400 2767 699 2820 subaugulata‚
747 2766 1045 2804 scabriuseula.
1117 2763 1353 2803 Pedunculi
1387 2764 1540 2804 filisor-

29 2837 148 2870 ines,
180 2821 307 2873 -ζ-ἒ
337 2823 507 2875 pollicis
543 2823 683 2875 longi,
717 2823 876 2868 erecti,
913 2824 974 2860 vel
1007 2821 1132 2871 patuli
1164 2830 1206 2858 et
1231 2822 1413 2867 arcuati,
1447 2835 1537 2860 sca-

28 2878 120 2928 bri,
154 2880 197 2917 in
227 2879 369 2918 axillis
405 2878 575 2918 barbani
612 2880 816 2918 minutam
842 2879 1065 2927 foventes,
1106 2877 1339 2916 inferiores
1371 2875 1533 2926 bissori,
