<?xml version="1.0" encoding="UTF-8"?>
<!DOCTYPE html PUBLIC "-//W3C//DTD XHTML 1.0 Transitional//EN"
    "http://www.w3.org/TR/xhtml1/DTD/xhtml1-transitional.dtd">
<html xmlns="http://www.w3.org/1999/xhtml" xml:lang="en" lang="en">
 <head>
  <title>
</title>
<meta http-equiv="Content-Type" content="text/html;charset=utf-8" />
  <meta name='ocr-system' content='tesseract 3.04.00' />
  <meta name='ocr-capabilities' content='ocr_page ocr_carea ocr_par ocr_line ocrx_word'/>
</head>
<body>
  <div class='ocr_page' id='page_1' title='image "agrostologiabras00nees_0137.png"; bbox 0 0 1788 3183; ppageno 0'>
   <div class='ocr_carea' id='block_1_1' title="bbox 524 169 1567 213">
    <p class='ocr_par' dir='ltr' id='par_1_1' title="bbox 524 169 1567 213">
     <span class='ocr_line' id='line_1_1' title="bbox 524 169 1567 213; baseline -0.001 -2"><span class='ocrx_word' id='word_1_1' title='bbox 524 171 810 212; x_wconf 64' lang='lat' dir='ltr'>Gannxnm.</span> <span class='ocrx_word' id='word_1_2' title='bbox 868 169 1087 210; x_wconf 57' lang='lat' dir='ltr'>Panicum.</span> <span class='ocrx_word' id='word_1_3' title='bbox 1483 169 1567 213; x_wconf 78' lang='lat'>¹23</span> 
     </span>
    </p>
   </div>
   <div class='ocr_carea' id='block_1_2' title="bbox 59 286 1584 1748">
    <p class='ocr_par' dir='ltr' id='par_1_2' title="bbox 59 286 1584 1748">
     <span class='ocr_line' id='line_1_2' title="bbox 59 286 1568 348; baseline -0.002 -17"><span class='ocrx_word' id='word_1_4' title='bbox 59 305 143 348; x_wconf 87' lang='lat' dir='ltr'>que</span> <span class='ocrx_word' id='word_1_5' title='bbox 175 289 351 338; x_wconf 77' lang='lat' dir='ltr'>striata,</span> <span class='ocrx_word' id='word_1_6' title='bbox 381 304 510 346; x_wconf 77' lang='lat' dir='ltr'>supra</span> <span class='ocrx_word' id='word_1_7' title='bbox 542 286 716 343; x_wconf 69' lang='lat' dir='ltr'>glabra,</span> <span class='ocrx_word' id='word_1_8' title='bbox 747 289 918 329; x_wconf 86' lang='lat' dir='ltr'>inferne</span> <span class='ocrx_word' id='word_1_9' title='bbox 939 289 984 328; x_wconf 88' lang='lat' dir='ltr'>in</span> <span class='ocrx_word' id='word_1_10' title='bbox 1012 287 1197 329; x_wconf 70' lang='lat' dir='ltr'>surculis</span> <span class='ocrx_word' id='word_1_11' title='bbox 1233 286 1416 328; x_wconf 81' lang='lat' dir='ltr'>novellis</span> <span class='ocrx_word' id='word_1_12' title='bbox 1451 287 1568 328; x_wconf 88' lang='lat' dir='ltr'>circa</span> 
     </span>
     <span class='ocr_line' id='line_1_3' title="bbox 59 344 1570 401; baseline -0.003 -13"><span class='ocrx_word' id='word_1_13' title='bbox 59 347 274 401; x_wconf 82' lang='lat' dir='ltr'>margines</span> <span class='ocrx_word' id='word_1_14' title='bbox 317 346 418 400; x_wconf 88' lang='lat' dir='ltr'>pilis</span> <span class='ocrx_word' id='word_1_15' title='bbox 461 347 664 399; x_wconf 86' lang='lat' dir='ltr'>adspersa</span> <span class='ocrx_word' id='word_1_16' title='bbox 695 359 718 385; x_wconf 92' lang='lat' dir='ltr'>e</span> <span class='ocrx_word' id='word_1_17' title='bbox 747 345 982 385; x_wconf 78' lang='lat' dir='ltr'>tuberculis</span> <span class='ocrx_word' id='word_1_18' title='bbox 1013 344 1352 398; x_wconf 84' lang='lat' dir='ltr'><strong>prodeuntibus,</strong></span> <span class='ocrx_word' id='word_1_19' title='bbox 1400 344 1570 384; x_wconf 84' lang='lat' dir='ltr'>eadem-</span> 
     </span>
     <span class='ocr_line' id='line_1_4' title="bbox 59 400 1572 459; baseline -0.001 -17"><span class='ocrx_word' id='word_1_20' title='bbox 59 417 142 459; x_wconf 91' lang='lat' dir='ltr'>que</span> <span class='ocrx_word' id='word_1_21' title='bbox 168 404 359 456; x_wconf 81' lang='lat' dir='ltr'>margine</span> <span class='ocrx_word' id='word_1_22' title='bbox 386 402 528 442; x_wconf 87' lang='lat' dir='ltr'>eiliata</span> <span class='ocrx_word' id='word_1_23' title='bbox 548 431 558 449; x_wconf 93' lang='lat'>,</span> <span class='ocrx_word' id='word_1_24' title='bbox 592 402 637 440; x_wconf 91' lang='lat' dir='ltr'>in</span> <span class='ocrx_word' id='word_1_25' title='bbox 661 401 800 442; x_wconf 88' lang='lat' dir='ltr'>culmo</span> <span class='ocrx_word' id='word_1_26' title='bbox 827 402 973 455; x_wconf 83' lang='lat' dir='ltr'>glabra</span> <span class='ocrx_word' id='word_1_27' title='bbox 995 401 1275 454; x_wconf 78' lang='lat' dir='ltr'>margineque</span> <span class='ocrx_word' id='word_1_28' title='bbox 1295 400 1446 440; x_wconf 85' lang='lat' dir='ltr'>setulis</span> <span class='ocrx_word' id='word_1_29' title='bbox 1478 415 1572 441; x_wconf 73' lang='lat' dir='ltr'>ner·</span> 
     </span>
     <span class='ocr_line' id='line_1_5' title="bbox 59 456 1570 511; baseline -0.002 -12"><span class='ocrx_word' id='word_1_30' title='bbox 59 469 172 508; x_wconf 80' lang='lat' dir='ltr'>rata,</span> <span class='ocrx_word' id='word_1_31' title='bbox 206 459 317 498; x_wconf 87' lang='lat' dir='ltr'>laete</span> <span class='ocrx_word' id='word_1_32' title='bbox 355 458 525 497; x_wconf 78' lang='lat' dir='ltr'>viridia.</span> <span class='ocrx_word' id='word_1_33' title='bbox 584 458 763 511; x_wconf 82' lang='lat' dir='ltr'>Ligulae</span> <span class='ocrx_word' id='word_1_34' title='bbox 809 457 909 497; x_wconf 91' lang='lat' dir='ltr'>loco</span> <span class='ocrx_word' id='word_1_35' title='bbox 955 457 1130 511; x_wconf 85' lang='lat' dir='ltr'>crepida</span> <span class='ocrx_word' id='word_1_36' title='bbox 1180 456 1358 495; x_wconf 88' lang='lat' dir='ltr'>linearis</span> <span class='ocrx_word' id='word_1_37' title='bbox 1409 457 1570 499; x_wconf 87' lang='lat' dir='ltr'>ciliata.</span> 
     </span>
     <span class='ocr_line' id='line_1_6' title="bbox 63 512 1570 570; baseline -0.003 -15"><span class='ocrx_word' id='word_1_38' title='bbox 63 516 192 570; x_wconf 86' lang='lat' dir='ltr'>Spica</span> <span class='ocrx_word' id='word_1_39' title='bbox 229 514 468 553; x_wconf 83' lang='lat' dir='ltr'>terminalis</span> <span class='ocrx_word' id='word_1_40' title='bbox 503 523 696 559; x_wconf 82' lang='lat' dir='ltr'>exserta,</span> <span class='ocrx_word' id='word_1_41' title='bbox 741 522 983 560; x_wconf 87' lang='lat' dir='ltr'>contracta,</span> <span class='ocrx_word' id='word_1_42' title='bbox 1034 527 1057 551; x_wconf 90' lang='lat' dir='ltr'>e</span> <span class='ocrx_word' id='word_1_43' title='bbox 1086 512 1339 565; x_wconf 83' lang='lat' dir='ltr'><strong>partialibus</strong></span> <span class='ocrx_word' id='word_1_44' title='bbox 1374 512 1570 565; x_wconf 85' lang='lat' dir='ltr'>pluribus</span> 
     </span>
     <span class='ocr_line' id='line_1_7' title="bbox 62 569 1572 624; baseline -0.003 -12"><span class='ocrx_word' id='word_1_45' title='bbox 62 571 194 620; x_wconf 73' lang='lat'>3—-4</span> <span class='ocrx_word' id='word_1_46' title='bbox 222 571 403 624; x_wconf 85' lang='lat' dir='ltr'>pollices</span> <span class='ocrx_word' id='word_1_47' title='bbox 438 570 579 623; x_wconf 78' lang='lat' dir='ltr'>longis</span> <span class='ocrx_word' id='word_1_48' title='bbox 612 570 783 613; x_wconf 87' lang='lat' dir='ltr'>erectis,</span> <span class='ocrx_word' id='word_1_49' title='bbox 815 569 973 609; x_wconf 82' lang='lat' dir='ltr'>infimis</span> <span class='ocrx_word' id='word_1_50' title='bbox 998 569 1213 623; x_wconf 85' lang='lat' dir='ltr'>oppositis</span> <span class='ocrx_word' id='word_1_51' title='bbox 1237 569 1416 623; x_wconf 86' lang='lat' dir='ltr'>reliquis</span> <span class='ocrx_word' id='word_1_52' title='bbox 1441 569 1572 608; x_wconf 87' lang='lat' dir='ltr'>alter·</span> 
     </span>
     <span class='ocr_line' id='line_1_8' title="bbox 62 624 1574 679; baseline -0.003 -12"><span class='ocrx_word' id='word_1_53' title='bbox 62 627 158 674; x_wconf 82' lang='lat' dir='ltr'>nis,</span> <span class='ocrx_word' id='word_1_54' title='bbox 189 626 441 679; x_wconf 83' lang='lat' dir='ltr'>composita.</span> <span class='ocrx_word' id='word_1_55' title='bbox 473 624 659 665; x_wconf 88' lang='lat' dir='ltr'>Rhachis</span> <span class='ocrx_word' id='word_1_56' title='bbox 676 628 912 665; x_wconf 88' lang='lat' dir='ltr'>communis</span> <span class='ocrx_word' id='word_1_57' title='bbox 934 634 976 664; x_wconf 90' lang='lat' dir='ltr'>et</span> <span class='ocrx_word' id='word_1_58' title='bbox 996 625 1201 678; x_wconf 84' lang='lat' dir='ltr'>partiales</span> <span class='ocrx_word' id='word_1_59' title='bbox 1224 625 1421 678; x_wconf 78' lang='lat' dir='ltr'>glabrae,</span> <span class='ocrx_word' id='word_1_60' title='bbox 1454 637 1574 665; x_wconf 86' lang='lat' dir='ltr'>com-</span> 
     </span>
     <span class='ocr_line' id='line_1_9' title="bbox 61 680 1573 737; baseline -0.001 -16"><span class='ocrx_word' id='word_1_61' title='bbox 61 696 237 737; x_wconf 86' lang='lat' dir='ltr'><strong>pressae</strong></span> <span class='ocrx_word' id='word_1_62' title='bbox 256 712 266 730; x_wconf 92' lang='lat'>,</span> <span class='ocrx_word' id='word_1_63' title='bbox 298 682 398 720; x_wconf 87' lang='lat' dir='ltr'>hinc</span> <span class='ocrx_word' id='word_1_64' title='bbox 426 695 641 722; x_wconf 82' lang='lat' dir='ltr'><strong>convexae</strong></span> <span class='ocrx_word' id='word_1_65' title='bbox 665 682 836 721; x_wconf 86' lang='lat' dir='ltr'>striatae</span> <span class='ocrx_word' id='word_1_66' title='bbox 854 710 864 729; x_wconf 91' lang='lat'>,</span> <span class='ocrx_word' id='word_1_67' title='bbox 896 681 1200 721; x_wconf 84' lang='lat' dir='ltr'>alterolatere</span> <span class='ocrx_word' id='word_1_68' title='bbox 1223 680 1429 720; x_wconf 78' lang='lat' dir='ltr'>bisulcae.</span> <span class='ocrx_word' id='word_1_69' title='bbox 1473 681 1573 734; x_wconf 86' lang='lat' dir='ltr'>Spi-</span> 
     </span>
     <span class='ocr_line' id='line_1_10' title="bbox 62 736 1574 790; baseline -0.002 -12"><span class='ocrx_word' id='word_1_70' title='bbox 62 739 181 778; x_wconf 88' lang='lat' dir='ltr'>culae</span> <span class='ocrx_word' id='word_1_71' title='bbox 210 738 450 777; x_wconf 82' lang='lat' dir='ltr'>mediocres</span> <span class='ocrx_word' id='word_1_72' title='bbox 483 738 721 785; x_wconf 86' lang='lat' dir='ltr'>secundae,</span> <span class='ocrx_word' id='word_1_73' title='bbox 755 736 804 776; x_wconf 81' lang='lat' dir='ltr'>ad</span> <span class='ocrx_word' id='word_1_74' title='bbox 834 737 956 776; x_wconf 87' lang='lat' dir='ltr'>basin</span> <span class='ocrx_word' id='word_1_75' title='bbox 986 737 1202 790; x_wconf 86' lang='lat' dir='ltr'>spicarum</span> <span class='ocrx_word' id='word_1_76' title='bbox 1233 737 1474 788; x_wconf 80' lang='lat' dir='ltr'>partialium</span> <span class='ocrx_word' id='word_1_77' title='bbox 1506 737 1574 775; x_wconf 88' lang='lat' dir='ltr'>in-</span> 
     </span>
     <span class='ocr_line' id='line_1_11' title="bbox 62 792 1575 846; baseline -0.001 -13"><span class='ocrx_word' id='word_1_78' title='bbox 62 793 271 834; x_wconf 84' lang='lat' dir='ltr'>feriorum</span> <span class='ocrx_word' id='word_1_79' title='bbox 304 794 347 832; x_wconf 89' lang='lat' dir='ltr'>in</span> <span class='ocrx_word' id='word_1_80' title='bbox 374 793 603 832; x_wconf 87' lang='lat' dir='ltr'>rhachibus</span> <span class='ocrx_word' id='word_1_81' title='bbox 632 793 820 846; x_wconf 87' lang='lat' dir='ltr'>propriis</span> <span class='ocrx_word' id='word_1_82' title='bbox 845 792 1050 832; x_wconf 85' lang='lat' dir='ltr'>brevibus</span> <span class='ocrx_word' id='word_1_83' title='bbox 1074 793 1210 845; x_wconf 89' lang='lat' dir='ltr'>planis</span> <span class='ocrx_word' id='word_1_84' title='bbox 1231 792 1456 833; x_wconf 84' lang='lat' dir='ltr'>hirsutulis</span> <span class='ocrx_word' id='word_1_85' title='bbox 1485 793 1575 845; x_wconf 74' lang='lat' dir='ltr'>spi-</span> 
     </span>
     <span class='ocr_line' id='line_1_12' title="bbox 65 849 1574 903; baseline -0.001 -13"><span class='ocrx_word' id='word_1_86' title='bbox 65 859 183 890; x_wconf 81' lang='lat' dir='ltr'>eatae</span> <span class='ocrx_word' id='word_1_87' title='bbox 201 880 210 895; x_wconf 88' lang='lat'>,</span> <span class='ocrx_word' id='word_1_88' title='bbox 243 849 291 889; x_wconf 84' lang='lat' dir='ltr'>ad</span> <span class='ocrx_word' id='word_1_89' title='bbox 313 849 481 903; x_wconf 83' lang='lat' dir='ltr'>apicem</span> <span class='ocrx_word' id='word_1_90' title='bbox 507 863 652 889; x_wconf 88' lang='lat' dir='ltr'>earum</span> <span class='ocrx_word' id='word_1_91' title='bbox 696 860 737 889; x_wconf 83' lang='lat' dir='ltr'>et</span> <span class='ocrx_word' id='word_1_92' title='bbox 762 850 806 888; x_wconf 90' lang='lat' dir='ltr'>in</span> <span class='ocrx_word' id='word_1_93' title='bbox 833 849 960 887; x_wconf 85' lang='lat' dir='ltr'>ramis</span> <span class='ocrx_word' id='word_1_94' title='bbox 995 849 1148 888; x_wconf 86' lang='lat' dir='ltr'>mediis</span> <span class='ocrx_word' id='word_1_95' title='bbox 1176 849 1303 887; x_wconf 80' lang='lat' dir='ltr'>binae</span> <span class='ocrx_word' id='word_1_96' title='bbox 1333 850 1397 888; x_wconf 81' lang='lat' dir='ltr'>vel</span> <span class='ocrx_word' id='word_1_97' title='bbox 1424 858 1574 889; x_wconf 89' lang='lat' dir='ltr'>ternae</span> 
     </span>
     <span class='ocr_line' id='line_1_13' title="bbox 63 904 1576 959; baseline -0.001 -14"><span class='ocrx_word' id='word_1_98' title='bbox 63 905 339 946; x_wconf 80' lang='lat' dir='ltr'>fasciculatae</span> <span class='ocrx_word' id='word_1_99' title='bbox 361 906 560 954; x_wconf 85' lang='lat' dir='ltr'>sessiles,</span> <span class='ocrx_word' id='word_1_100' title='bbox 606 906 650 944; x_wconf 91' lang='lat' dir='ltr'>in</span> <span class='ocrx_word' id='word_1_101' title='bbox 681 905 893 958; x_wconf 80' lang='lat' dir='ltr'>supremis</span> <span class='ocrx_word' id='word_1_102' title='bbox 926 905 1112 959; x_wconf 86' lang='lat' dir='ltr'>denique</span> <span class='ocrx_word' id='word_1_103' title='bbox 1144 904 1362 944; x_wconf 85' lang='lat' dir='ltr'>solitariae</span> <span class='ocrx_word' id='word_1_104' title='bbox 1386 914 1429 944; x_wconf 88' lang='lat' dir='ltr'>et</span> <span class='ocrx_word' id='word_1_105' title='bbox 1451 906 1576 957; x_wconf 86' lang='lat' dir='ltr'>pedi-</span> 
     </span>
     <span class='ocr_line' id='line_1_14' title="bbox 65 960 1578 1013; baseline -0.001 -11"><span class='ocrx_word' id='word_1_106' title='bbox 65 962 174 1002; x_wconf 91' lang='lat' dir='ltr'>cello</span> <span class='ocrx_word' id='word_1_107' title='bbox 203 962 326 1001; x_wconf 79' lang='lat' dir='ltr'>brevi</span> <span class='ocrx_word' id='word_1_108' title='bbox 363 962 530 1001; x_wconf 82' lang='lat' dir='ltr'>hirsuto</span> <span class='ocrx_word' id='word_1_109' title='bbox 567 962 764 1009; x_wconf 83' lang='lat' dir='ltr'>innatae,</span> <span class='ocrx_word' id='word_1_110' title='bbox 812 974 1022 1007; x_wconf 85' lang='lat' dir='ltr'>cernuae,</span> <span class='ocrx_word' id='word_1_111' title='bbox 1069 960 1314 1013; x_wconf 88' lang='lat' dir='ltr'>ellipticae,</span> <span class='ocrx_word' id='word_1_112' title='bbox 1361 961 1578 1001; x_wconf 89' lang='lat' dir='ltr'>obtusius-</span> 
     </span>
     <span class='ocr_line' id='line_1_15' title="bbox 68 1017 1578 1073; baseline 0 -15"><span class='ocrx_word' id='word_1_113' title='bbox 68 1018 213 1066; x_wconf 88' lang='lat' dir='ltr'>culae,</span> <span class='ocrx_word' id='word_1_114' title='bbox 262 1018 549 1058; x_wconf 87' lang='lat' dir='ltr'>laeviusculae</span> <span class='ocrx_word' id='word_1_115' title='bbox 598 1027 640 1057; x_wconf 85' lang='lat' dir='ltr'>et</span> <span class='ocrx_word' id='word_1_116' title='bbox 682 1017 882 1070; x_wconf 79' lang='lat' dir='ltr'>glabrae,</span> <span class='ocrx_word' id='word_1_117' title='bbox 933 1017 1117 1065; x_wconf 85' lang='lat' dir='ltr'>nitidae,</span> <span class='ocrx_word' id='word_1_118' title='bbox 1165 1027 1282 1056; x_wconf 87' lang='lat' dir='ltr'>extus</span> <span class='ocrx_word' id='word_1_119' title='bbox 1320 1017 1578 1073; x_wconf 86' lang='lat' dir='ltr'>plerumque</span> 
     </span>
     <span class='ocr_line' id='line_1_16' title="bbox 62 1073 1576 1128; baseline 0 -14"><span class='ocrx_word' id='word_1_120' title='bbox 62 1082 436 1128; x_wconf 81' lang='lat' dir='ltr'>purpurascentes.</span> <span class='ocrx_word' id='word_1_121' title='bbox 509 1074 636 1126; x_wconf 83' lang='lat' dir='ltr'>Calyx</span> <span class='ocrx_word' id='word_1_122' title='bbox 668 1073 894 1127; x_wconf 85' lang='lat' dir='ltr'>biglumis,</span> <span class='ocrx_word' id='word_1_123' title='bbox 950 1074 1091 1127; x_wconf 80' lang='lat' dir='ltr'>gluma</span> <span class='ocrx_word' id='word_1_124' title='bbox 1142 1073 1356 1113; x_wconf 84' lang='lat' dir='ltr'>inferiore</span> <span class='ocrx_word' id='word_1_125' title='bbox 1411 1074 1576 1126; x_wconf 85' lang='lat' dir='ltr'>spicula</span> 
     </span>
     <span class='ocr_line' id='line_1_17' title="bbox 66 1129 1577 1182; baseline -0.001 -12"><span class='ocrx_word' id='word_1_126' title='bbox 66 1131 201 1170; x_wconf 89' lang='lat' dir='ltr'>multo</span> <span class='ocrx_word' id='word_1_127' title='bbox 228 1130 430 1169; x_wconf 86' lang='lat' dir='ltr'>breviore</span> <span class='ocrx_word' id='word_1_128' title='bbox 453 1139 573 1169; x_wconf 84' lang='lat' dir='ltr'>ovata</span> <span class='ocrx_word' id='word_1_129' title='bbox 602 1139 722 1169; x_wconf 77' lang='lat' dir='ltr'>acuta</span> <span class='ocrx_word' id='word_1_130' title='bbox 746 1129 971 1177; x_wconf 88' lang='lat' dir='ltr'>uninervi,</span> <span class='ocrx_word' id='word_1_131' title='bbox 1016 1130 1241 1182; x_wconf 82' lang='lat' dir='ltr'>superiore</span> <span class='ocrx_word' id='word_1_132' title='bbox 1273 1129 1480 1181; x_wconf 85' lang='lat' dir='ltr'>spiculam</span> <span class='ocrx_word' id='word_1_133' title='bbox 1506 1145 1577 1170; x_wconf 89' lang='lat' dir='ltr'>ae-</span> 
     </span>
     <span class='ocr_line' id='line_1_18' title="bbox 66 1186 1576 1241; baseline 0.003 -17"><span class='ocrx_word' id='word_1_134' title='bbox 66 1195 222 1241; x_wconf 83' lang='lat' dir='ltr'>quante</span> <span class='ocrx_word' id='word_1_135' title='bbox 261 1196 384 1226; x_wconf 79' lang='lat' dir='ltr'>ovato</span> <span class='ocrx_word' id='word_1_136' title='bbox 408 1209 425 1217; x_wconf 92' lang='lat'>-</span> <span class='ocrx_word' id='word_1_137' title='bbox 448 1186 639 1238; x_wconf 83' lang='lat' dir='ltr'>elliptica</span> <span class='ocrx_word' id='word_1_138' title='bbox 682 1186 974 1225; x_wconf 83' lang='lat' dir='ltr'>obtusiuscula</span> <span class='ocrx_word' id='word_1_139' title='bbox 1012 1199 1195 1225; x_wconf 86' lang='lat' dir='ltr'>concava</span> <span class='ocrx_word' id='word_1_140' title='bbox 1239 1186 1576 1241; x_wconf 80' lang='lat' dir='ltr'>quinquenervi.</span> 
     </span>
     <span class='ocr_line' id='line_1_19' title="bbox 66 1241 1576 1295; baseline 0 -12"><span class='ocrx_word' id='word_1_141' title='bbox 66 1242 248 1284; x_wconf 82' lang='lat' dir='ltr'>Masculi</span> <span class='ocrx_word' id='word_1_142' title='bbox 276 1241 446 1282; x_wconf 82' lang='lat' dir='ltr'>flosculi</span> <span class='ocrx_word' id='word_1_143' title='bbox 480 1243 640 1282; x_wconf 79' lang='lat' dir='ltr'>valvula</span> <span class='ocrx_word' id='word_1_144' title='bbox 672 1241 857 1281; x_wconf 84' lang='lat' dir='ltr'>inferior</span> <span class='ocrx_word' id='word_1_145' title='bbox 884 1242 1051 1295; x_wconf 82' lang='lat' dir='ltr'>glumae</span> <span class='ocrx_word' id='word_1_146' title='bbox 1092 1242 1305 1295; x_wconf 88' lang='lat' dir='ltr'>superiori</span> <span class='ocrx_word' id='word_1_147' title='bbox 1341 1243 1576 1293; x_wconf 82' lang='lat' dir='ltr'>simillima,</span> 
     </span>
     <span class='ocr_line' id='line_1_20' title="bbox 70 1297 1577 1353; baseline 0 -14"><span class='ocrx_word' id='word_1_148' title='bbox 70 1299 261 1346; x_wconf 85' lang='lat' dir='ltr'>acutior,</span> <span class='ocrx_word' id='word_1_149' title='bbox 292 1299 526 1352; x_wconf 80' lang='lat' dir='ltr'>itidemque</span> <span class='ocrx_word' id='word_1_150' title='bbox 562 1299 923 1353; x_wconf 79' lang='lat' dir='ltr'>quinquenervis:</span> <span class='ocrx_word' id='word_1_151' title='bbox 954 1298 1033 1337; x_wconf 88' lang='lat' dir='ltr'>hae</span> <span class='ocrx_word' id='word_1_152' title='bbox 1072 1297 1194 1338; x_wconf 82' lang='lat' dir='ltr'>floris</span> <span class='ocrx_word' id='word_1_153' title='bbox 1220 1308 1374 1352; x_wconf 65' lang='lat' dir='ltr'>³partes</span> <span class='ocrx_word' id='word_1_154' title='bbox 1408 1307 1577 1349; x_wconf 86' lang='lat' dir='ltr'>tenues,</span> 
     </span>
     <span class='ocr_line' id='line_1_21' title="bbox 67 1354 1582 1409; baseline -0.001 -14"><span class='ocrx_word' id='word_1_155' title='bbox 67 1355 446 1404; x_wconf 77' lang='lat' dir='ltr'>membranaceae,</span> <span class='ocrx_word' id='word_1_156' title='bbox 488 1355 685 1408; x_wconf 81' lang='lat' dir='ltr'>glabrae,</span> <span class='ocrx_word' id='word_1_157' title='bbox 720 1355 863 1394; x_wconf 86' lang='lat' dir='ltr'>nitore</span> <span class='ocrx_word' id='word_1_158' title='bbox 898 1354 1073 1409; x_wconf 81' lang='lat' dir='ltr'>pingui,</span> <span class='ocrx_word' id='word_1_159' title='bbox 1104 1355 1197 1407; x_wconf 85' lang='lat' dir='ltr'>plus</span> <span class='ocrx_word' id='word_1_160' title='bbox 1224 1356 1418 1394; x_wconf 80' lang='lat' dir='ltr'>minusve</span> <span class='ocrx_word' id='word_1_161' title='bbox 1447 1355 1582 1395; x_wconf 82' lang='lat' dir='ltr'>suffu-</span> 
     </span>
     <span class='ocr_line' id='line_1_22' title="bbox 71 1411 1580 1464; baseline 0.001 -13"><span class='ocrx_word' id='word_1_162' title='bbox 71 1425 141 1452; x_wconf 78' lang='lat' dir='ltr'>sae</span> <span class='ocrx_word' id='word_1_163' title='bbox 178 1424 396 1464; x_wconf 76' lang='lat' dir='ltr'>purpura3</span> <span class='ocrx_word' id='word_1_164' title='bbox 434 1411 634 1464; x_wconf 80' lang='lat' dir='ltr'>superior</span> <span class='ocrx_word' id='word_1_165' title='bbox 673 1411 849 1451; x_wconf 86' lang='lat' dir='ltr'>maseuli</span> <span class='ocrx_word' id='word_1_166' title='bbox 889 1411 1054 1450; x_wconf 83' lang='lat' dir='ltr'>valvula</span> <span class='ocrx_word' id='word_1_167' title='bbox 1094 1411 1580 1464; x_wconf 79' lang='lat' dir='ltr'>oblongo-lanceolata,</span> 
     </span>
     <span class='ocr_line' id='line_1_23' title="bbox 71 1466 1584 1521; baseline 0 -14"><span class='ocrx_word' id='word_1_168' title='bbox 71 1467 283 1508; x_wconf 83' lang='lat' dir='ltr'>inferiore</span> <span class='ocrx_word' id='word_1_169' title='bbox 302 1467 428 1520; x_wconf 82' lang='lat' dir='ltr'>paulo</span> <span class='ocrx_word' id='word_1_170' title='bbox 459 1466 657 1521; x_wconf 84' lang='lat' dir='ltr'>longior,</span> <span class='ocrx_word' id='word_1_171' title='bbox 700 1468 823 1520; x_wconf 86' lang='lat' dir='ltr'>apice</span> <span class='ocrx_word' id='word_1_172' title='bbox 860 1480 1203 1521; x_wconf 78' lang='lat' dir='ltr'>purpurascens,</span> <span class='ocrx_word' id='word_1_173' title='bbox 1244 1476 1329 1507; x_wconf 82' lang='lat' dir='ltr'>tota</span> <span class='ocrx_word' id='word_1_174' title='bbox 1370 1469 1584 1508; x_wconf 86' lang='lat' dir='ltr'>membra-</span> 
     </span>
     <span class='ocr_line' id='line_1_24' title="bbox 72 1523 1583 1578; baseline 0 -14"><span class='ocrx_word' id='word_1_175' title='bbox 72 1537 216 1564; x_wconf 87' lang='lat' dir='ltr'>nacea.</span> <span class='ocrx_word' id='word_1_176' title='bbox 283 1523 500 1563; x_wconf 83' lang='lat' dir='ltr'>Antherae</span> <span class='ocrx_word' id='word_1_177' title='bbox 543 1524 968 1578; x_wconf 84' lang='lat' dir='ltr'>fusco-purpureae.</span> <span class='ocrx_word' id='word_1_178' title='bbox 1038 1523 1431 1575; x_wconf 80' lang='lat' dir='ltr'>Hermaphroditus</span> <span class='ocrx_word' id='word_1_179' title='bbox 1474 1540 1583 1564; x_wconf 87' lang='lat' dir='ltr'>mas-</span> 
     </span>
     <span class='ocr_line' id='line_1_25' title="bbox 73 1579 1583 1636; baseline 0.001 -17"><span class='ocrx_word' id='word_1_180' title='bbox 73 1580 168 1620; x_wconf 90' lang='lat' dir='ltr'>culo</span> <span class='ocrx_word' id='word_1_181' title='bbox 196 1579 321 1632; x_wconf 84' lang='lat' dir='ltr'>paulo</span> <span class='ocrx_word' id='word_1_182' title='bbox 348 1580 549 1627; x_wconf 82' lang='lat' dir='ltr'>brevior,</span> <span class='ocrx_word' id='word_1_183' title='bbox 590 1579 800 1626; x_wconf 84' lang='lat' dir='ltr'>albicans,</span> <span class='ocrx_word' id='word_1_184' title='bbox 841 1580 1168 1632; x_wconf 75' lang='lat' dir='ltr'>cartilaginem,</span> <span class='ocrx_word' id='word_1_185' title='bbox 1211 1580 1375 1619; x_wconf 67' lang='lat' dir='ltr'>vulvula</span> <span class='ocrx_word' id='word_1_186' title='bbox 1403 1589 1583 1636; x_wconf 89' lang='lat' dir='ltr'>utraque</span> 
     </span>
     <span class='ocr_line' id='line_1_26' title="bbox 75 1635 1581 1689; baseline 0.001 -12"><span class='ocrx_word' id='word_1_187' title='bbox 75 1637 263 1687; x_wconf 84' lang='lat' dir='ltr'>elliptiea</span> <span class='ocrx_word' id='word_1_188' title='bbox 306 1636 581 1674; x_wconf 85' lang='lat' dir='ltr'>transversim</span> <span class='ocrx_word' id='word_1_189' title='bbox 615 1636 816 1689; x_wconf 80' lang='lat' dir='ltr'>rugulosa</span> <span class='ocrx_word' id='word_1_190' title='bbox 849 1636 1019 1689; x_wconf 84' lang='lat' dir='ltr'>glabra,</span> <span class='ocrx_word' id='word_1_191' title='bbox 1058 1635 1270 1675; x_wconf 85' lang='lat' dir='ltr'>inferiore</span> <span class='ocrx_word' id='word_1_192' title='bbox 1308 1637 1581 1689; x_wconf 89' lang='lat' dir='ltr'>superiorem</span> 
     </span>
     <span class='ocr_line' id='line_1_27' title="bbox 74 1691 1581 1748; baseline 0.001 -17"><span class='ocrx_word' id='word_1_193' title='bbox 74 1691 351 1745; x_wconf 83' lang='lat' dir='ltr'>amplexante.</span> <span class='ocrx_word' id='word_1_194' title='bbox 412 1691 628 1731; x_wconf 89' lang='lat' dir='ltr'>Antherae</span> <span class='ocrx_word' id='word_1_195' title='bbox 652 1691 799 1746; x_wconf 87' lang='lat' dir='ltr'>quales</span> <span class='ocrx_word' id='word_1_196' title='bbox 830 1692 873 1730; x_wconf 87' lang='lat' dir='ltr'>in</span> <span class='ocrx_word' id='word_1_197' title='bbox 908 1691 1109 1732; x_wconf 88' lang='lat' dir='ltr'>masculo.</span> <span class='ocrx_word' id='word_1_198' title='bbox 1180 1692 1382 1744; x_wconf 83' lang='lat' dir='ltr'>Stigmata</span> <span class='ocrx_word' id='word_1_199' title='bbox 1417 1707 1581 1748; x_wconf 83' lang='lat' dir='ltr'>magna,</span> 
     </span>
    </p>
   </div>
   <div class='ocr_carea' id='block_1_3' title="bbox 73 1748 1585 1857">
    <p class='ocr_par' dir='ltr' id='par_1_3' title="bbox 73 1748 1585 1857">
     <span class='ocr_line' id='line_1_28' title="bbox 75 1748 1585 1802; baseline 0.001 -13"><span class='ocrx_word' id='word_1_200' title='bbox 75 1756 261 1789; x_wconf 80' lang='lat' dir='ltr'>saturate</span> <span class='ocrx_word' id='word_1_201' title='bbox 288 1760 517 1800; x_wconf 85' lang='lat' dir='ltr'>purpurea.</span> <span class='ocrx_word' id='word_1_202' title='bbox 577 1748 812 1801; x_wconf 86' lang='lat' dir='ltr'>Caryopsis</span> <span class='ocrx_word' id='word_1_203' title='bbox 844 1748 1062 1802; x_wconf 84' lang='lat' dir='ltr'>elliptica,</span> <span class='ocrx_word' id='word_1_204' title='bbox 1092 1748 1242 1789; x_wconf 86' lang='lat' dir='ltr'>obtusa</span> <span class='ocrx_word' id='word_1_205' title='bbox 1262 1777 1274 1797; x_wconf 87' lang='lat'>,</span> <span class='ocrx_word' id='word_1_206' title='bbox 1305 1751 1585 1791; x_wconf 80' lang='lat' dir='ltr'>transversim</span> 
     </span>
     <span class='ocr_line' id='line_1_29' title="bbox 73 1802 770 1857; baseline -0.001 -13"><span class='ocrx_word' id='word_1_207' title='bbox 73 1804 300 1857; x_wconf 81' lang='lat' dir='ltr'>rugulosa,</span> <span class='ocrx_word' id='word_1_208' title='bbox 333 1802 514 1855; x_wconf 81' lang='lat' dir='ltr'>pallida,</span> <span class='ocrx_word' id='word_1_209' title='bbox 547 1804 770 1843; x_wconf 83' lang='lat' dir='ltr'>corticata.</span> 
     </span>
    </p>
   </div>
   <div class='ocr_carea' id='block_1_4' title="bbox 74 1871 1589 2098">
    <p class='ocr_par' dir='ltr' id='par_1_4' title="bbox 74 1871 1589 2098">
     <span class='ocr_line' id='line_1_30' title="bbox 188 1871 1589 1930; baseline 0.002 -17"><span class='ocrx_word' id='word_1_210' title='bbox 188 1871 369 1913; x_wconf 77' lang='lat' dir='ltr'>Habitat</span> <span class='ocrx_word' id='word_1_211' title='bbox 398 1872 439 1911; x_wconf 85' lang='lat' dir='ltr'>in</span> <span class='ocrx_word' id='word_1_212' title='bbox 464 1871 604 1927; x_wconf 65' lang='lat' dir='ltr'>sylvis</span> <span class='ocrx_word' id='word_1_213' title='bbox 623 1871 865 1925; x_wconf 76' lang='lat' dir='ltr'>adflnmen</span> <span class='ocrx_word' id='word_1_214' title='bbox 883 1873 1174 1925; x_wconf 76' lang='lat' dir='ltr'>Amazonum,</span> <span class='ocrx_word' id='word_1_215' title='bbox 1210 1889 1350 1930; x_wconf 80' lang='lat' dir='ltr'>prope</span> <span class='ocrx_word' id='word_1_216' title='bbox 1384 1874 1516 1915; x_wconf 75' lang='lat' dir='ltr'>Coarl</span> <span class='ocrx_word' id='word_1_217' title='bbox 1544 1883 1589 1917; x_wconf 76' lang='lat' dir='ltr'>et</span> 
     </span>
     <span class='ocr_line' id='line_1_31' title="bbox 74 1928 1587 1986; baseline 0.003 -18"><span class='ocrx_word' id='word_1_218' title='bbox 74 1928 181 1969; x_wconf 78' lang='lat' dir='ltr'>alibi</span> <span class='ocrx_word' id='word_1_219' title='bbox 207 1929 249 1968; x_wconf 83' lang='lat' dir='ltr'>in</span> <span class='ocrx_word' id='word_1_220' title='bbox 274 1929 501 1983; x_wconf 60' lang='lat' dir='ltr'>pruvincia</span> <span class='ocrx_word' id='word_1_221' title='bbox 528 1928 744 1970; x_wconf 81' lang='lat' dir='ltr'>Fluminis</span> <span class='ocrx_word' id='word_1_222' title='bbox 772 1929 899 1984; x_wconf 53' lang='lat' dir='ltr'>ssigri</span> <span class='ocrx_word' id='word_1_223' title='bbox 929 1938 970 1969; x_wconf 79' lang='lat' dir='ltr'>et</span> <span class='ocrx_word' id='word_1_224' title='bbox 997 1929 1234 1979; x_wconf 63' lang='lat' dir='ltr'>Parmensi,</span> <span class='ocrx_word' id='word_1_225' title='bbox 1285 1932 1406 1986; x_wconf 71' lang='lat' dir='ltr'>ripae</span> <span class='ocrx_word' id='word_1_226' title='bbox 1433 1947 1587 1973; x_wconf 82' lang='lat' dir='ltr'>areno-</span> 
     </span>
     <span class='ocr_line' id='line_1_32' title="bbox 75 1984 1589 2042; baseline 0.002 -16"><span class='ocrx_word' id='word_1_227' title='bbox 75 2001 149 2026; x_wconf 79' lang='lat' dir='ltr'>sae</span> <span class='ocrx_word' id='word_1_228' title='bbox 172 1985 329 2026; x_wconf 81' lang='lat' dir='ltr'>incola.</span> <span class='ocrx_word' id='word_1_229' title='bbox 376 1984 494 2035; x_wconf 30' lang='grc' dir='ltr'><strong>(ΛΠ.)</strong></span> <span class='ocrx_word' id='word_1_230' title='bbox 539 1984 687 2026; x_wconf 77' lang='lat' dir='ltr'>Floret</span> <span class='ocrx_word' id='word_1_231' title='bbox 710 1986 762 2025; x_wconf 76' lang='lat' dir='ltr'>ab</span> <span class='ocrx_word' id='word_1_232' title='bbox 786 1986 963 2026; x_wconf 72' lang='lat' dir='ltr'>Octobri</span> <span class='ocrx_word' id='word_1_233' title='bbox 983 1987 1024 2026; x_wconf 81' lang='lat' dir='ltr'>ln</span> <span class='ocrx_word' id='word_1_234' title='bbox 1048 1986 1331 2027; x_wconf 74' lang='lat' dir='ltr'>Decembrem</span> <span class='ocrx_word' id='word_1_235' title='bbox 1358 2003 1507 2042; x_wconf 79' lang='lat' dir='ltr'>usque.</span> <span class='ocrx_word' id='word_1_236' title='bbox 1531 2015 1589 2024; x_wconf 89' lang='lat'>-—·</span> 
     </span>
     <span class='ocr_line' id='line_1_33' title="bbox 78 2039 1589 2098; baseline 0.002 -16"><span class='ocrx_word' id='word_1_237' title='bbox 78 2041 220 2093; x_wconf 76' lang='lat' dir='ltr'>Prope</span> <span class='ocrx_word' id='word_1_238' title='bbox 245 2040 287 2080; x_wconf 78' lang='lat' dir='ltr'>la</span> <span class='ocrx_word' id='word_1_239' title='bbox 315 2039 437 2081; x_wconf 80' lang='lat' dir='ltr'>Galle</span> <span class='ocrx_word' id='word_1_240' title='bbox 462 2042 503 2080; x_wconf 81' lang='lat' dir='ltr'>in</span> <span class='ocrx_word' id='word_1_241' title='bbox 533 2057 667 2081; x_wconf 81' lang='lat' dir='ltr'>arena</span> <span class='ocrx_word' id='word_1_242' title='bbox 693 2042 867 2082; x_wconf 75' lang='lat' dir='ltr'>humida</span> <span class='ocrx_word' id='word_1_243' title='bbox 902 2041 1067 2098; x_wconf 48' lang='lat' dir='ltr'>(Deafi)</span> <span class='ocrx_word' id='word_1_244' title='bbox 1097 2040 1437 2084; x_wconf 40' lang='lat' dir='ltr'>—‘Damlatlc1e</span> <span class='ocrx_word' id='word_1_245' title='bbox 1477 2044 1589 2096; x_wconf 84' lang='lat' dir='ltr'>(Sie-</span> 
     </span>
    </p>
   </div>
   <div class='ocr_carea' id='block_1_5' title="bbox 78 2094 1588 2209">
    <p class='ocr_par' dir='ltr' id='par_1_5' title="bbox 78 2094 1588 2209">
     <span class='ocr_line' id='line_1_34' title="bbox 78 2094 1588 2152; baseline 0.002 -14"><span class='ocrx_word' id='word_1_246' title='bbox 78 2098 200 2148; x_wconf 83' lang='lat' dir='ltr'>ber),</span> <span class='ocrx_word' id='word_1_247' title='bbox 231 2098 346 2150; x_wconf 79' lang='lat' dir='ltr'>quod</span> <span class='ocrx_word' id='word_1_248' title='bbox 384 2097 519 2137; x_wconf 79' lang='lat' dir='ltr'>nullis</span> <span class='ocrx_word' id='word_1_249' title='bbox 544 2094 690 2152; x_wconf 45' lang='lat' dir='ltr'>dzjffiert</span> <span class='ocrx_word' id='word_1_250' title='bbox 727 2114 753 2138; x_wconf 84' lang='grc' dir='ltr'><em>α</em></span> <span class='ocrx_word' id='word_1_251' title='bbox 791 2097 1080 2149; x_wconf 77' lang='lat' dir='ltr'>Brasillanis,</span> <span class='ocrx_word' id='word_1_252' title='bbox 1126 2099 1211 2139; x_wconf 75' lang='lat' dir='ltr'>nisi</span> <span class='ocrx_word' id='word_1_253' title='bbox 1245 2108 1417 2140; x_wconf 75' lang='lat' dir='ltr'>statura</span> <span class='ocrx_word' id='word_1_254' title='bbox 1449 2101 1588 2142; x_wconf 76' lang='lat' dir='ltr'>hnmi-</span> 
     </span>
     <span class='ocr_line' id='line_1_35' title="bbox 78 2153 901 2209; baseline 0.001 -14"><span class='ocrx_word' id='word_1_255' title='bbox 78 2154 176 2195; x_wconf 79' lang='lat' dir='ltr'>liori</span> <span class='ocrx_word' id='word_1_256' title='bbox 201 2161 240 2193; x_wconf 82' lang='lat' dir='ltr'>et</span> <span class='ocrx_word' id='word_1_257' title='bbox 268 2153 413 2194; x_wconf 79' lang='lat' dir='ltr'>colore</span> <span class='ocrx_word' id='word_1_258' title='bbox 438 2154 576 2209; x_wconf 76' lang='lat' dir='ltr'>magis</span> <span class='ocrx_word' id='word_1_259' title='bbox 599 2154 772 2209; x_wconf 79' lang='lat' dir='ltr'>glauco.</span> <span class='ocrx_word' id='word_1_260' title='bbox 836 2161 901 2206; x_wconf 52' lang='lat'>22..</span> 
     </span>
    </p>
   </div>
   <div class='ocr_carea' id='block_1_6' title="bbox 78 2225 1596 2845">
    <p class='ocr_par' dir='ltr' id='par_1_6' title="bbox 78 2225 1596 2845">
     <span class='ocr_line' id='line_1_36' title="bbox 192 2225 1588 2285; baseline 0.003 -19"><span class='ocrx_word' id='word_1_261' title='bbox 192 2225 422 2266; x_wconf 81' lang='lat' dir='ltr'>observ.</span> <span class='ocrx_word' id='word_1_262' title='bbox 480 2225 685 2265; x_wconf 86' lang='lat' dir='ltr'>Habitum</span> <span class='ocrx_word' id='word_1_263' title='bbox 725 2236 768 2267; x_wconf 81' lang='lat' dir='ltr'>et</span> <span class='ocrx_word' id='word_1_264' title='bbox 798 2227 1094 2267; x_wconf 78' lang='lat' dir='ltr'>definitionem</span> <span class='ocrx_word' id='word_1_265' title='bbox 1133 2227 1169 2267; x_wconf 88' lang='lat' dir='ltr'>si</span> <span class='ocrx_word' id='word_1_266' title='bbox 1207 2239 1400 2281; x_wconf 80' lang='lat' dir='ltr'>spectes,</span> <span class='ocrx_word' id='word_1_267' title='bbox 1453 2229 1588 2285; x_wconf 83' lang='lat' dir='ltr'>magis</span> 
     </span>
     <span class='ocr_line' id='line_1_37' title="bbox 80 2284 1590 2337; baseline 0.003 -17"><span class='ocrx_word' id='word_1_268' title='bbox 80 2297 205 2337; x_wconf 89' lang='lat' dir='ltr'>quam</span> <span class='ocrx_word' id='word_1_269' title='bbox 242 2296 321 2335; x_wconf 88' lang='lat' dir='ltr'>pro</span> <span class='ocrx_word' id='word_1_270' title='bbox 354 2295 453 2321; x_wconf 80' lang='lat' dir='ltr'>vera</span> <span class='ocrx_word' id='word_1_271' title='bbox 485 2292 634 2322; x_wconf 84' lang='lat' dir='ltr'>natura</span> <span class='ocrx_word' id='word_1_272' title='bbox 668 2285 874 2323; x_wconf 82' lang='lat' dir='ltr'>accedere</span> <span class='ocrx_word' id='word_1_273' title='bbox 909 2285 1022 2323; x_wconf 83' lang='lat' dir='ltr'>forte</span> <span class='ocrx_word' id='word_1_274' title='bbox 1055 2284 1205 2324; x_wconf 84' lang='lat' dir='ltr'>credas</span> <span class='ocrx_word' id='word_1_275' title='bbox 1236 2285 1447 2325; x_wconf 84' lang='lat' dir='ltr'>Panico</span> <span class='ocrx_word' id='word_1_276' title='bbox 1478 2286 1590 2326; x_wconf 87' lang='lat' dir='ltr'>fas-</span> 
     </span>
     <span class='ocr_line' id='line_1_38' title="bbox 81 2338 1591 2393; baseline 0.002 -15"><span class='ocrx_word' id='word_1_277' title='bbox 81 2340 164 2378; x_wconf 86' lang='lat' dir='ltr'>cic</span> <span class='ocrx_word' id='word_1_278' title='bbox 181 2339 329 2378; x_wconf 83' lang='lat' dir='ltr'>ulato</span> <span class='ocrx_word' id='word_1_279' title='bbox 362 2338 650 2387; x_wconf 84' lang='lat' dir='ltr'>Swartzii,</span> <span class='ocrx_word' id='word_1_280' title='bbox 683 2341 824 2393; x_wconf 80' lang='lat' dir='ltr'>quod,</span> <span class='ocrx_word' id='word_1_281' title='bbox 856 2341 916 2379; x_wconf 80' lang='lat' dir='ltr'>uti</span> <span class='ocrx_word' id='word_1_282' title='bbox 944 2354 967 2380; x_wconf 90' lang='lat' dir='ltr'>e</span> <span class='ocrx_word' id='word_1_283' title='bbox 995 2340 1229 2393; x_wconf 85' lang='lat' dir='ltr'>specimine</span> <span class='ocrx_word' id='word_1_284' title='bbox 1251 2341 1451 2393; x_wconf 74' lang='lat' dir='ltr'>originali</span> <span class='ocrx_word' id='word_1_285' title='bbox 1478 2344 1591 2381; x_wconf 87' lang='lat' dir='ltr'>Her-</span> 
     </span>
     <span class='ocr_line' id='line_1_39' title="bbox 78 2394 1592 2452; baseline 0.002 -19"><span class='ocrx_word' id='word_1_286' title='bbox 78 2394 191 2434; x_wconf 88' lang='lat' dir='ltr'>barii</span> <span class='ocrx_word' id='word_1_287' title='bbox 223 2394 634 2433; x_wconf 84' lang='lat' dir='ltr'>Schreberiani</span> <span class='ocrx_word' id='word_1_288' title='bbox 665 2405 812 2449; x_wconf 83' lang='lat' dir='ltr'>patet,</span> <span class='ocrx_word' id='word_1_289' title='bbox 856 2397 1022 2435; x_wconf 81' lang='lat' dir='ltr'>abunde</span> <span class='ocrx_word' id='word_1_290' title='bbox 1055 2396 1233 2435; x_wconf 76' lang='lat' dir='ltr'>differt:</span> <span class='ocrx_word' id='word_1_291' title='bbox 1279 2399 1418 2436; x_wconf 90' lang='lat' dir='ltr'>culmo</span> <span class='ocrx_word' id='word_1_292' title='bbox 1450 2398 1592 2452; x_wconf 81' lang='lat' dir='ltr'>graci-</span> 
     </span>
     <span class='ocr_line' id='line_1_40' title="bbox 79 2450 1592 2506; baseline 0.003 -17"><span class='ocrx_word' id='word_1_293' title='bbox 79 2451 192 2490; x_wconf 87' lang='lat' dir='ltr'>liore</span> <span class='ocrx_word' id='word_1_294' title='bbox 228 2450 460 2489; x_wconf 86' lang='lat' dir='ltr'>humiliore</span> <span class='ocrx_word' id='word_1_295' title='bbox 502 2464 685 2503; x_wconf 86' lang='lat' dir='ltr'>superne</span> <span class='ocrx_word' id='word_1_296' title='bbox 717 2452 897 2499; x_wconf 84' lang='lat' dir='ltr'>villoso,</span> <span class='ocrx_word' id='word_1_297' title='bbox 938 2452 1056 2491; x_wconf 84' lang='lat' dir='ltr'>foliis</span> <span class='ocrx_word' id='word_1_298' title='bbox 1094 2453 1286 2506; x_wconf 83' lang='lat' dir='ltr'>margine</span> <span class='ocrx_word' id='word_1_299' title='bbox 1318 2454 1474 2502; x_wconf 81' lang='lat' dir='ltr'>nudis,</span> <span class='ocrx_word' id='word_1_300' title='bbox 1523 2468 1592 2493; x_wconf 86' lang='lat' dir='ltr'>ra-</span> 
     </span>
     <span class='ocr_line' id='line_1_41' title="bbox 80 2505 1594 2562; baseline 0.003 -16"><span class='ocrx_word' id='word_1_301' title='bbox 80 2520 201 2546; x_wconf 87' lang='lat' dir='ltr'>cemo</span> <span class='ocrx_word' id='word_1_302' title='bbox 242 2505 539 2558; x_wconf 70' lang='lat' dir='ltr'>subfastigiato</span> <span class='ocrx_word' id='word_1_303' title='bbox 581 2507 874 2562; x_wconf 86' lang='lat' dir='ltr'>decomposito</span> <span class='ocrx_word' id='word_1_304' title='bbox 911 2509 1041 2547; x_wconf 84' lang='lat' dir='ltr'>ramis</span> <span class='ocrx_word' id='word_1_305' title='bbox 1082 2509 1458 2556; x_wconf 76' lang='lat' dir='ltr'>subverticillatis,</span> <span class='ocrx_word' id='word_1_306' title='bbox 1498 2509 1594 2550; x_wconf 85' lang='lat' dir='ltr'>rha-</span> 
     </span>
     <span class='ocr_line' id='line_1_42' title="bbox 82 2561 1595 2619; baseline 0.002 -17"><span class='ocrx_word' id='word_1_307' title='bbox 82 2563 231 2602; x_wconf 85' lang='lat' dir='ltr'>chibus</span> <span class='ocrx_word' id='word_1_308' title='bbox 288 2561 484 2601; x_wconf 86' lang='lat' dir='ltr'>omnibus</span> <span class='ocrx_word' id='word_1_309' title='bbox 519 2562 719 2611; x_wconf 71' lang='lat' dir='ltr'>hirsutis,</span> <span class='ocrx_word' id='word_1_310' title='bbox 761 2565 987 2617; x_wconf 78' lang='lat' dir='ltr'>pedicellis</span> <span class='ocrx_word' id='word_1_311' title='bbox 1020 2564 1175 2605; x_wconf 86' lang='lat' dir='ltr'>bi-vel</span> <span class='ocrx_word' id='word_1_312' title='bbox 1208 2564 1390 2604; x_wconf 85' lang='lat' dir='ltr'>trissoris</span> <span class='ocrx_word' id='word_1_313' title='bbox 1421 2566 1595 2619; x_wconf 84' lang='lat' dir='ltr'>gracili-</span> 
     </span>
     <span class='ocr_line' id='line_1_43' title="bbox 81 2618 1596 2675; baseline 0.002 -17"><span class='ocrx_word' id='word_1_314' title='bbox 81 2619 184 2667; x_wconf 88' lang='lat' dir='ltr'>bus,</span> <span class='ocrx_word' id='word_1_315' title='bbox 219 2618 348 2658; x_wconf 82' lang='lat' dir='ltr'>etiam</span> <span class='ocrx_word' id='word_1_316' title='bbox 372 2618 414 2656; x_wconf 90' lang='lat' dir='ltr'>in</span> <span class='ocrx_word' id='word_1_317' title='bbox 437 2620 614 2658; x_wconf 84' lang='lat' dir='ltr'>racemis</span> <span class='ocrx_word' id='word_1_318' title='bbox 637 2619 793 2659; x_wconf 80' lang='lat' dir='ltr'>infimis</span> <span class='ocrx_word' id='word_1_319' title='bbox 810 2651 819 2669; x_wconf 94' lang='lat'>‚</span> <span class='ocrx_word' id='word_1_320' title='bbox 857 2626 1037 2675; x_wconf 86' lang='lat' dir='ltr'>quorum</span> <span class='ocrx_word' id='word_1_321' title='bbox 1055 2621 1152 2660; x_wconf 89' lang='lat' dir='ltr'>loco</span> <span class='ocrx_word' id='word_1_322' title='bbox 1177 2621 1220 2659; x_wconf 92' lang='lat' dir='ltr'>in</span> <span class='ocrx_word' id='word_1_323' title='bbox 1243 2631 1396 2661; x_wconf 85' lang='lat' dir='ltr'>nostro</span> <span class='ocrx_word' id='word_1_324' title='bbox 1419 2622 1485 2660; x_wconf 84' lang='lat' dir='ltr'>vel</span> <span class='ocrx_word' id='word_1_325' title='bbox 1507 2623 1596 2675; x_wconf 91' lang='lat' dir='ltr'>spi-</span> 
     </span>
     <span class='ocr_line' id='line_1_44' title="bbox 83 2673 1594 2718; baseline 0.002 -4"><span class='ocrx_word' id='word_1_326' title='bbox 83 2687 157 2714; x_wconf 85' lang='lat' dir='ltr'>cae</span> <span class='ocrx_word' id='word_1_327' title='bbox 187 2674 341 2714; x_wconf 84' lang='lat' dir='ltr'>breves</span> <span class='ocrx_word' id='word_1_328' title='bbox 369 2673 580 2715; x_wconf 75' lang='lat' dir='ltr'>secundae</span> <span class='ocrx_word' id='word_1_329' title='bbox 604 2686 836 2716; x_wconf 88' lang='lat' dir='ltr'>occurrunt</span> <span class='ocrx_word' id='word_1_330' title='bbox 857 2678 923 2717; x_wconf 80' lang='lat' dir='ltr'>vel</span> <span class='ocrx_word' id='word_1_331' title='bbox 951 2677 1145 2718; x_wconf 85' lang='lat' dir='ltr'>fasciculi</span> <span class='ocrx_word' id='word_1_332' title='bbox 1172 2691 1195 2717; x_wconf 90' lang='lat' dir='ltr'>e</span> <span class='ocrx_word' id='word_1_333' title='bbox 1219 2675 1402 2717; x_wconf 85' lang='lat' dir='ltr'>floribus</span> <span class='ocrx_word' id='word_1_334' title='bbox 1430 2678 1594 2717; x_wconf 85' lang='lat' dir='ltr'>sessili-</span> 
     </span>
     <span class='ocr_line' id='line_1_45' title="bbox 81 2730 1595 2789; baseline 0.005 -20"><span class='ocrx_word' id='word_1_335' title='bbox 81 2730 159 2770; x_wconf 88' lang='lat' dir='ltr'>bus</span> <span class='ocrx_word' id='word_1_336' title='bbox 189 2730 524 2785; x_wconf 81' lang='lat' dir='ltr'>conglomerati,</span> <span class='ocrx_word' id='word_1_337' title='bbox 573 2740 619 2770; x_wconf 84' lang='lat' dir='ltr'>ut</span> <span class='ocrx_word' id='word_1_338' title='bbox 653 2732 753 2772; x_wconf 86' lang='lat' dir='ltr'>icon</span> <span class='ocrx_word' id='word_1_339' title='bbox 790 2735 1021 2774; x_wconf 85' lang='lat' dir='ltr'>Sloaneana</span> <span class='ocrx_word' id='word_1_340' title='bbox 1064 2733 1170 2774; x_wconf 87' lang='lat' dir='ltr'>haec</span> <span class='ocrx_word' id='word_1_341' title='bbox 1200 2734 1371 2789; x_wconf 81' lang='lat' dir='ltr'>pingit3</span> <span class='ocrx_word' id='word_1_342' title='bbox 1413 2735 1595 2789; x_wconf 76' lang='lat' dir='ltr'>spiculis</span> 
     </span>
     <span class='ocr_line' id='line_1_46' title="bbox 83 2786 1104 2845; baseline 0.005 -19"><span class='ocrx_word' id='word_1_343' title='bbox 83 2786 270 2842; x_wconf 86' lang='lat' dir='ltr'>denique</span> <span class='ocrx_word' id='word_1_344' title='bbox 299 2786 538 2828; x_wconf 87' lang='lat' dir='ltr'>minoribus</span> <span class='ocrx_word' id='word_1_345' title='bbox 565 2787 728 2828; x_wconf 86' lang='lat' dir='ltr'>striatis</span> <span class='ocrx_word' id='word_1_346' title='bbox 754 2799 796 2830; x_wconf 80' lang='lat' dir='ltr'>et</span> <span class='ocrx_word' id='word_1_347' title='bbox 818 2789 1104 2845; x_wconf 74' lang='lat' dir='ltr'>subglobosia.</span> 
     </span>
    </p>
   </div>
  </div>
 </body>
</html>
