1788 3183
492 200 784 240 Gnamnmar..
843 201 1138 242 ERAGnosrls.
1490 209 1573 253 509

64 334 189 376 quam
228 321 276 359 P.
320 320 651 373 pastoe'nsis
690 319 909 368 Willd„
966 324 1018 360 H.
1063 331 1105 362 et
1144 322 1218 371 1{.‚
1261 336 1334 363 seu
1365 326 1413 363 P.
1447 340 1575 367 con-

62 385 249 416 tracta
278 376 413 415 Herh.
445 376 633 416 Willd.
666 376 794 414 ramis
829 377 1051 428 paniculae
1088 388 1327 418 contractae
1362 381 1576 422 breviori-

61 432 140 472 bus
167 432 398 476 recedunt,
433 432 549 484 quod
582 431 753 486 quidem
785 433 965 472 minoris
1000 435 1202 473 momenti
1234 436 1573 488 existimandum,

62 502 159 528 cum
198 502 248 527 ex
288 489 593 540 Eragrosti
635 488 1001 529 inconstante
1033 491 1133 529 satis
1171 490 1251 542 jam
1280 501 1448 544 pateat,
1488 495 1576 534 illis

62 545 108 584 in
134 544 387 597 regionibus
416 543 657 596 paniculam
690 544 886 597 inprimis
923 548 1185 585 Poaccarum
1216 561 1295 599 pro
1330 549 1428 587 anni
1469 559 1577 590 tem-

62 615 169 654 pore
212 600 305 639 solo
342 608 384 638 et
430 600 514 637 situ
547 599 740 638 locorum
770 600 836 639 vel
878 603 1005 640 ramis
1043 603 1251 653 elongatis
1288 606 1471 655 expandi
1506 606 1576 646 vel

60 655 332 695 brevioribus
377 655 505 693 ramis
546 655 754 694 contrahi.
815 658 871 695 Et
905 657 1039 709 ipsam
1076 660 1248 712 quidem
1281 662 1437 700 Poam
1481 676 1575 715 pa-

61 716 343 752 stoe’nsem
373 713 428 749 H.
462 720 504 749 et
535 712 583 751 R.
616 724 745 765 aegre
778 728 798 752 a
830 715 940 752 Poa
971 714 1295 768 nigricante
1325 717 1479 757 horum
1502 732 1573 757 au-

60 777 229 808 ctorum
259 781 517 820 separamus.

357 879 411 912 15.
446 884 843 913 ERAGRosTm
882 885 1196 916 AIROIDES.
1246 879 1268 920 †

169 954 221 993 E.
262 952 456 1006 panicula
499 952 925 1005 supradecomposita
972 953 1167 1008 elongata
1213 965 1383 1009 patente
1426 957 1571 998 multi-

57 1008 191 1056 flora,
222 1008 349 1048 ramis
374 1008 650 1061 capillaribus
677 1009 1023 1048 subverticillatis
1041 1040 1050 1057 ‚
1091 1012 1341 1062 pedunculis
1366 1012 1569 1054 flexuosis

59 1065 250 1113 scabris,
282 1063 459 1117 spiculis
499 1065 642 1116 parvis
683 1063 932 1104 subbissoris
964 1066 1151 1110 scabris,
1197 1066 1389 1107 flosculis
1427 1070 1568 1123 gluma

59 1121 283 1174 superiore
311 1134 458 1174 parum
492 1119 761 1174 longioribus
804 1122 963 1168 acutis,
1007 1123 1167 1161 valvula
1197 1124 1406 1164 inferiore
1442 1126 1568 1166 obso-

56 1178 144 1218 lete
169 1177 377 1225 trium-vi,
411 1176 530 1215 foliis
561 1176 803 1216 convolutis
827 1177 1038 1226 laevibus‚
1069 1180 1233 1231 vaginis
1256 1181 1446 1234 margine
1470 1196 1568 1222 ore-

59 1248 143 1290 que
165 1233 343 1287 pilosis,
383 1232 525 1272 culmo
563 1232 774 1286 simplice.

170 1304 272 1345 Aira
302 1303 575 1343 brasiliensis
597 1333 607 1352 ‚
642 1301 785 1342 Radd.
811 1304 992 1357 Agrost.
1019 1301 1143 1344 Bras.
1169 1320 1212 1358 p.
1237 1304 1305 1345 36.

162 1382 203 1420 β.
236 1375 413 1428 spiculis
443 1374 739 1428 superioribus
764 1374 987 1427 paniculae
1011 1375 1065 1414 tri
1083 1375 1386 1429 -quadrissoris
1403 1409 1413 1427 ‚
1463 1378 1565 1422 ssos-

54 1431 162 1473 culis
188 1431 485 1485 superioribus
521 1432 680 1485 glumas
708 1431 1006 1483 superantibus
1030 1432 1173 1470 radice
1202 1433 1469 1476 stolonisera.

164 1504 255 1542 Poa
285 1502 594 1553 microstachya
613 1530 623 1548 ‚
655 1498 786 1540 Linlz.
813 1499 867 1540 H.
895 1500 998 1540 Ber.
1025 1503 1060 1541 I.
1086 1517 1129 1555 ρ.
1164 1501 1276 1544 185?

164 1571 347 1612 Habitat
375 1573 454 1622 (οι.)
485 1571 527 1610 in
564 1570 699 1610 muris
732 1571 944 1611 veteribus
974 1586 1109 1626 prope
1154 1573 1234 1612 Rio
1268 1575 1320 1614 de
1350 1574 1560 1631 lorwim,-

58 1627 260 1679 (Radcli.)
295 1628 337 1667 in
377 1624 620 1678 confinibus
654 1628 777 1678 regni
807 1625 1127 1682 Ραναὲιιαγαηὶ
1162 1637 1199 1667 et
1227 1645 1349 1683 prov,
1379 1632 1562 1675 ssIonte-

65 1685 204 1726 Video.
247 1683 466 1736 (selloca.)
536 1687 630 1724 Far.
657 1690 700 1724 β,
727 1684 767 1722 in
795 1682 987 1723 Brasilia
1022 1685 1295 1726 meridionali
1330 1687 1435 1740 legit
1472 1691 1560 1731 Sel-

53 1740 155 1783 low.
201 1747 265 1792 η..
326 1740 448 1791 (ridi
474 1756 510 1779 σι.
538 1746 578 1779 et
611 1747 636 1782 β
678 1739 720 1778 in
745 1738 873 1780 Herb.
901 1739 1009 1795 Reg.
1038 1740 1206 1793 Ber-ol.)

161 1813 230 1854 Ob
269 1811 477 1853 valvulam
513 1810 766 1851 inferiorem
807 1812 1006 1851 muticam
1041 1813 1276 1852 trinervem
1317 1816 1557 1872 Eragro-

49 1870 121 1910 sti
151 1870 304 1924 generi
343 1867 627 1910 inseruimus,
671 1868 739 1906 cui
780 1877 822 1907 et
859 1868 1008 1907 habitu
1038 1870 1286 1921 respondet.
1346 1874 1557 1929 Descrip-

46 1927 132 1973 tio,
159 1941 181 1966 a
211 1927 263 1966 cl.
293 1923 465 1965 Raddi
490 1924 515 1962 l.
543 1937 578 1962 c·
610 1923 729 1970 data,
772 1925 908 1974 bona,
951 1925 1036 1963 nisi
1073 1926 1188 1979 quod
1223 1924 1448 1968 flosculum
1486 1946 1554 1972 se-

45 1983 230 2023 cundum
261 1982 306 2020 in
341 1989 491 2019 nostro
535 1980 625 2018 basi
660 1980 824 2019 calvum
855 1981 1110 2034 reperimus.
1153 2006 1205 2012 —
1242 1983 1412 2023 Culmus
1449 1987 1550 2026 stri-

45 2047 164 2086 ctus,
194 2037 358 2092 vaginis
387 2035 548 2075 striatis
584 2035 744 2088 glabris
780 2038 970 2090 margine
995 2037 1130 2076 altero
1161 2036 1290 2091 longe
1321 2040 1479 2082 ciliatis
1506 2052 1551 2084 et

40 2095 94 2134 ad
115 2094 246 2134 latere
275 2094 366 2133 oris
396 2091 582 2131 barbatis
623 2091 862 2132 obvolutus.
923 2094 1072 2146 Ligula
1109 2092 1384 2142 brevissima,
1430 2106 1548 2137 trun-

40 2159 155 2201 cata,
187 2150 358 2190 ciliato--
376 2149 524 2187 lacera.
587 2148 705 2186 Folia
731 2149 1046 2202 glaucescentia
1067 2178 1077 2195 ‚
1119 2149 1548 2194 convoluto-filifor-

39 2206 150 2254 mia,
181 2207 328 2260 longa,
363 2204 505 2251 firma,
545 2203 713 2256 glabra,
761 2204 977 2259 dorsoque
1007 2205 1151 2244 laevia.
1220 2206 1423 2247 Panicula
1460 2211 1548 2249 cul-

41 2277 157 2302 mum
200 2262 350 2302 saltem
380 2274 590 2314 aequans,
631 2260 722 2298 basi
760 2261 965 2314 vaginata.
1034 2260 1232 2313 Spiculae
1271 2263 1340 2303 vix
1389 2265 1546 2306 lineam

43 2319 212 2374 longae.
284 2317 460 2357 Glumae
502 2316 908 2369 ovato-oblongae,
952 2325 1120 2363 acutae,
1166 2317 1416 2367 minerves,
1459 2336 1549 2362 sca-

43 2375 172 2424 brae,
212 2374 491 2428 pallidiores:
526 2370 711 2411 inferior
748 2373 903 2411 minor.
963 2372 1260 2412 Flosculorum
1290 2374 1449 2415 valvula
1483 2378 1548 2417 in-

44 2431 185 2472 ferior
212 2438 360 2475 ovata,
394 2427 700 2475 acuminulata‚
741 2442 956 2475 convexa,
996 2428 1168 2476 scabra,
1213 2429 1547 2474 livido-susces-

44 2500 172 2535 cens,
204 2485 436 2532 minervis,
468 2483 609 2522 nervis
640 2483 886 2522 lateralibus
923 2484 1206 2533 abbreviatis3
1250 2487 1447 2537 superior
1473 2489 1547 2529 ob-

42 2543 197 2598 longa,
240 2543 434 2595 integra,
479 2539 529 2578 ad
563 2539 736 2592 angulos
775 2538 960 2578 reflexos
997 2540 1244 2587 subciliata‚
1288 2542 1546 2585 inferiorem

41 2599 323 2653 subacquans.
384 2594 611 2648 Caryopsis
654 2595 854 2649 oblonga.
885 2618 938 2624 --
980 2597 1202 2635 Flosculus
1241 2599 1441 2649 superior
1470 2615 1545 2653 pe-

39 2656 292 2704 dicellatus‚
342 2654 505 2698 nudus,
557 2650 760 2691 inferiori
802 2651 980 2700 similis,
1032 2652 1107 2692 sed
1151 2653 1292 2692 minor
1339 2665 1380 2694 et
1414 2670 1544 2711 saepe

43 2712 222 2752 sterilis.

151 2782 253 2823 Var.
291 2786 328 2825 β.
364 2778 534 2819 differt:
573 2778 720 2818 radice
754 2779 946 2819 stolones
982 2778 1082 2817 hinc
1121 2778 1221 2818 inde
1263 2778 1544 2822 fasciculatim

39 2837 278 2892 proliferos
306 2837 557 2884 emittente3
590 2834 811 2888 paniculae
845 2835 971 2873 ramis
996 2834 1086 2873 basi
1122 2834 1336 2885 barbatis3
1368 2838 1544 2889 spiculis

42 2893 339 2949 superioribus
362 2892 594 2933 linearibus
629 2889 1004 2948 tri-quadrifloris
1032 2892 1460 2944 purpurascentibus‚
1493 2894 1544 2933 il-
