1788 3183
196 169 279 208 1532
670 164 955 204 Gmmmmn.
1012 164 1227 203 Paterculi.

312 284 540 325 Observ.
608 286 810 325 Proxima
851 285 958 323 haec
994 284 1161 336 species
1201 285 1414 325 Panico
1459 285 1705 334 excelso,

202 341 423 395 magisque
447 342 576 381 etiam
599 343 647 379 1’.
680 341 896 394 piloso3
940 341 1040 378 satis
1074 349 1211 379 lamen
1247 341 1296 380 ab
1333 341 1408 381 illo
1447 343 1614 382 diversa
1646 356 1709 380 ra-

199 397 309 436 cemi
355 398 701 450 compositione,
746 397 796 436 ab
836 397 917 434 hoc
959 397 1271 449 magnitudine,
1311 397 1539 438 rhachibus
1567 398 1705 445 nudis,

198 454 373 494 ramulis
391 453 663 508 longioribus
691 451 1005 492 secundiiloris.

541 578 599 617 64·
645 586 913 616 PANICUM
951 585 1303 616 cannosum.
1341 577 1364 617 †

309 670 359 708 Ρ.
399 682 572 709 racemo
616 668 912 723 decomposito
953 671 1104 710 stricto
1147 670 1357 724 oblongo,
1417 669 1546 709 ramis
1588 683 1712 723 pseu·

200 725 534 765 dovera-:illatis
565 728 905 780 erecto-patulis
937 728 1198 781 ramulisque
1228 727 1508 766 subsecundis
1532 726 1711 773 scabris,

198 780 425 833 pedicellis
469 781 749 824 subsecundis
792 784 1076 830 fasciculatis,
1119 783 1266 821 rhachi
1309 783 1480 836 glabra,
1533 782 1711 835 spiculis

198 837 401 890 oblongis
438 838 672 886 truncatis,
723 840 862 879 culmo
895 840 1144 879 subramoso
1186 838 1390 893 foliisque
1424 838 1710 878 lineari-lan-

196 893 379 934 ceolatis
407 894 658 933 acuminatis
689 897 851 936 strictis
878 896 1051 949 glabris.

309 965 501 1006 Variat
551 966 781 1006 racemulis
823 967 1077 1019 partialibus
1121 965 1423 1013 brevioribus,
1478 965 1707 1019 pedicellis

198 1033 329 1075 saepe
351 1020 544 1069 bissoris,
575 1023 707 1061 ramis
735 1023 958 1076 paniculae
984 1022 1264 1062 inferioribus
1295 1023 1488 1061 remotis.

306 1091 444 1132 Radix
472 1106 495 1131 e
522 1091 642 1133 fibris
672 1094 805 1132 fuscis
849 1093 1094 1148 spongiosis
1132 1094 1296 1133 minute
1330 1093 1553 1132 fibrillosis
1588 1106 1703 1132 cras-

198 1148 425 1198 aiusculis,
463 1158 616 1189 trunco
647 1149 793 1189 forsan
829 1160 1032 1203 repente3
1064 1149 1114 1189 ad
1151 1164 1275 1204 quam
1303 1150 1510 1189 accedunt
1539 1150 1590 1188 ad
1619 1158 1708 1188 ter-

197 1218 273 1244 rae
316 1203 590 1257 superficiem
622 1205 755 1246 fibrae
790 1207 1022 1260 plurimae,
1064 1220 1087 1246 e
1123 1206 1237 1245 nodo
1266 1206 1467 1246 inferiori
1499 1205 1706 1253 orientes,

197 1260 440 1308 flexuosae,
491 1261 811 1312 horizontales,
857 1263 1048 1308 albidae,
1094 1261 1359 1310 fibrillosae,
1405 1261 1575 1301 filu-illis
1613 1262 1708 1301 aliis

199 1317 500 1370 capillaribus,
546 1319 641 1358 aliis
673 1319 774 1359 hinc
803 1319 901 1359 inde
935 1320 977 1358 in
1007 1317 1212 1358 bulbillos
1247 1318 1458 1372 oblongos
1493 1316 1710 1358 flexuosos

200 1374 422 1414 solitarios
454 1374 522 1414 vel
551 1384 852 1415 concatenatos
888 1375 1286 1415 intumescentibus.
1356 1374 1526 1414 Culmus
1559 1373 1713 1424 3-4-

200 1429 391 1482 pedalis,
433 1444 601 1482 pennae
629 1431 853 1471 anserinae
890 1431 1112 1478 crassitie,
1152 1432 1244 1470 basi
1274 1430 1473 1484 obliquus
1502 1439 1545 1470 et
1570 1444 1621 1470 ex
1651 1431 1714 1470 in-

201 1485 359 1525 feriori
394 1487 595 1540 geniculo
630 1489 850 1534 radicans,
892 1497 994 1527 tunc
1037 1497 1232 1533 erectus,
1278 1487 1459 1540 simplex
1494 1486 1562 1526 vel
1592 1487 1713 1539 apice

201 1556 420 1590 ramosus,
453 1552 593 1590 teres,
632 1544 802 1582 striatus
823 1543 1142 1591 ()-7—nodis‚
1183 1542 1357 1596 glaber,
1391 1541 1630 1591 fistulosus,
1664 1543 1716 1582 ad

203 1597 372 1651 apicem
396 1612 533 1653 usque
573 1598 756 1639 foliosus
785 1609 829 1639 et
853 1600 930 1639 sub
964 1599 1161 1652 panicula
1198 1613 1283 1639 non
1316 1608 1580 1647 attenuatus,
1611 1599 1717 1638 viri-

203 1654 285 1694 dis.
346 1655 538 1708 Vaginae
561 1655 822 1695 internodiis
847 1670 994 1709 parum
1018 1655 1240 1708 longiores
1258 1684 1269 1703 ,
1301 1655 1497 1701 striatae,
1530 1655 1716 1708 glabrae,

203 1709 396 1764 margine
420 1711 793 1759 membranaceae,
827 1712 904 1752 sub
933 1711 1042 1751 folio
1072 1727 1221 1764 parum
1255 1720 1500 1751 contractae
1538 1710 1720 1751 ibidem-

207 1779 292 1820 que
315 1766 517 1821 utrinque
541 1769 704 1808 macula
725 1768 975 1822 triangulari
1000 1767 1119 1807 fusca
1146 1777 1337 1815 notatae,
1369 1768 1605 1807 inferiores
1626 1767 1717 1806 basi

208 1822 467 1863 convolutae
493 1824 616 1877 apice
648 1825 823 1864 dilatato
850 1823 1147 1872 dehiscentes,
1192 1824 1442 1876 superiores
1469 1832 1585 1863 totae
1617 1836 1719 1863 con-

204 1877 391 1918 volutae.
450 1879 603 1932 Ligula
648 1880 819 1928 brevis,
859 1880 1109 1928 rotundam,
1155 1879 1371 1919 erenulata
1399 1888 1442 1919 et
1466 1880 1634 1919 demum
1661 1879 1721 1919 la-

205 1947 329 1979 cera,
379 1936 733 1983 membranacea,
777 1936 945 1990 glabra,
989 1936 1092 1975 alba.
1153 1936 1276 1975 Folia
1312 1935 1479 1988 pedalia
1520 1944 1563 1975 et
1592 1935 1717 1988 paulo

203 1990 427 2044 longiora,
460 1991 743 2032 inferioribus
767 2001 810 2032 et
833 1991 1131 2045 superioribus
1148 1991 1448 2040 brevioribus;
1482 1991 1720 2045 semipolli-

207 2059 303 2086 cem
327 2046 434 2094 lata,
466 2049 682 2100 patentia,
715 2062 738 2088 e
770 2048 860 2087 basi
880 2048 1106 2087 rotundata
1139 2047 1595 2096 lineari-lanceolata,
1625 2048 1719 2087 lon-

207 2115 262 2157 ge
286 2103 549 2152 acuminata,
591 2105 740 2157 plana,
787 2104 1047 2155 17-nervia,
1096 2114 1211 2144 costa
1238 2103 1378 2143 media
1400 2117 1542 2143 crassa
1562 2102 1721 2156 pallida

206 2159 354 2197 subtus
391 2159 544 2198 obtuse
580 2161 792 2208 carinata,
825 2159 968 2214 glabra
1003 2170 1046 2199 et
1076 2159 1358 2213 laeviuscula,
1400 2161 1592 2214 margine
1626 2173 1720 2200 car-

205 2214 415 2268 tilagineo
462 2215 583 2255 tenui
623 2214 886 2255 scaberrimo
922 2217 1084 2263 cincta,
1128 2217 1456 2270 glaucescentia.
1514 2211 1717 2256 Panicula

206 2279 401 2320 exserta,
435 2271 591 2311 8—-12
614 2272 796 2325 pollices
835 2272 984 2326 longa,
1016 2271 1108 2311 basi
1143 2272 1352 2327 apiceque
1374 2280 1518 2321 acuta,
1557 2272 1601 2311 in
1629 2284 1719 2311 me-

208 2326 283 2366 dio
305 2325 432 2374 3-4
458 2327 640 2379 pollices
667 2329 774 2378 lata,
815 2329 986 2374 stricta,
1030 2328 1126 2381 plus
1160 2329 1298 2367 minus
1327 2329 1472 2368 densa.
1530 2327 1717 2368 Rhachis

206 2390 351 2429 recta,
384 2383 557 2437 glabra,
597 2383 766 2423 inferne
800 2385 1077 2424 teretiuseula
1111 2384 1213 2424 hinc
1248 2384 1509 2432 unisulcata,
1555 2383 1717 2432 striata,

208 2438 371 2487 laevis3
417 2452 602 2492 superne
646 2449 769 2479 acute
813 2440 1033 2494 angulata,
1080 2441 1239 2480 scabra.
1308 2440 1432 2480 Rami
1467 2440 1537 2480 vel
1573 2453 1720 2480 omnes

209 2494 631 2536 verticillato-terni
668 2496 863 2550 quaterni
897 2497 1099 2536 saltemve
1130 2496 1345 2549 oppositi,
1385 2504 1557 2548 praeter
1579 2504 1719 2535 extre-

210 2563 328 2598 mos,
375 2551 443 2591 vel
482 2551 617 2590 medii
654 2552 824 2599 saltem,
877 2552 1158 2593 inferioribus
1204 2552 1436 2602 solitariis3
1474 2551 1520 2590 hi
1549 2564 1721 2604 semper

212 2606 373 2655 erecti,
422 2608 552 2655 4-5
588 2607 771 2660 pollices
802 2607 941 2662 longi,
987 2608 1120 2647 medii
1155 2608 1290 2662 patuli
1320 2604 1476 2658 3-3{
1501 2607 1721 2661 pollicum,

212 2661 315 2701 hinc
342 2662 507 2715 apicem
534 2676 684 2702 versus
707 2663 885 2702 maxime
917 2662 1243 2716 decrescentes3
1275 2664 1419 2704 cuncti
1451 2664 1557 2702 rami
1586 2672 1629 2703 et
1655 2676 1722 2701 ra·

213 2717 320 2756 muli
346 2718 473 2757 etiam
495 2718 721 2773 triquetri‚
753 2719 884 2759 dorso
905 2720 1043 2772 plani,
1074 2720 1233 2761 leniter
1257 2720 1401 2759 undati
1417 2749 1426 2767 ,
1471 2719 1522 2758 ad
1545 2718 1721 2771 angulos

216 2773 492 2822 scaberrimi‚
536 2790 558 2813 a
583 2775 675 2814 basi
706 2774 833 2815 divisi
876 2775 942 2815 vel
979 2774 1180 2816 floriferi.
1238 2776 1409 2816 Ramuli
1446 2774 1645 2821 secundi,
1675 2774 1719 2813 in

217 2829 404 2869 carinata
424 2838 547 2883 parte
573 2830 678 2870 rami
711 2831 993 2879 alternantes,
1027 2832 1384 2885 erecto-patuli,
1423 2844 1561 2885 aequo
1583 2830 1720 2883 spatio
1762 2868 1770 2875 ,

213 2884 385 2937 dissiti,
417 2885 623 2941 rigiduli3
653 2887 888 2929 inferiores
908 2887 1114 2942 cujusque
1144 2888 1251 2929 rami
1277 2887 1452 2929 circiter
1474 2886 1720 2940 pollicares‚
