1788 3183
443 179 724 223 Gnammmss.
782 181 1002 225 Pamcun.
1445 187 1530 231 177

135 295 318 338 Habitat
351 297 394 338 in
428 314 562 354 regno
604 297 883 341 Mexicano?
921 325 978 333 -
1014 308 1056 342 et
1090 300 1136 342 in
1177 299 1334 343 Luzon
1381 304 1525 347 insula

20 351 253 406 (Haenke.)
310 355 380 405 (V.
413 358 464 403 s.)

135 425 274 465 culmi
304 425 508 466 fortiores
547 441 672 480 quam
709 426 753 466 in
792 427 996 469 Panico
1038 428 1425 485 inconspieuo,
1457 433 1525 473 bi-

21 479 220 534 pedales,
250 482 376 521 nodis
400 482 594 534 pluribus
622 482 755 523 fuscis
781 483 1064 532 interstincti,
1096 484 1146 524 ad
1168 487 1405 538 paniculam
1427 487 1525 529 fere

21 536 229 589 vaginati,
280 551 420 591 neque
451 537 527 576 sul)
566 539 762 591 panicula
801 540 1044 580 unisulcati.
1103 542 1294 597 Vaginae
1334 545 1529 586 interno-

20 592 105 632 diis
129 593 260 646 duplo
285 593 530 640 breviores,
565 604 702 634 aretae
719 624 729 641 ‚
773 595 945 648 glabrae
963 625 973 644 ,
1014 598 1207 653 margine
1234 599 1401 653 apicem
1428 614 1526 641 ver-

22 663 92 688 sus
118 650 298 689 ciliatae.
359 649 511 702 Ligula
547 649 824 699 brevissima,
875 660 1082 692 truncata.
1148 654 1271 694 Folia
1301 668 1323 693 e
1353 657 1528 697 cordata

23 714 67 746 et
92 706 376 759 amplectente
414 705 504 744 basi
535 705 968 755 lineari—attenuata,
1009 708 1134 753 6—ss
1167 711 1352 765 pollices
1382 713 1526 766 longa,

19 762 149 812 4—5
177 762 310 801 lineas
339 761 445 807 lata,
486 762 742 809 acuminata,
785 763 930 816 plana,
974 763 1143 817 glabra,
1181 781 1307 818 supra
1337 778 1379 808 et
1416 783 1529 808 mar-

21 818 121 872 gine
159 819 331 864 scabra,
371 817 462 856 basi
495 818 730 858 subciliata.
800 819 1001 858 Panicula
1024 820 1151 871 8—-0
1173 823 1356 875 pollices
1380 824 1526 879 longa,

18 873 469 920 lineari-lanceolata,
511 874 641 913 ramis
671 874 848 914 alternis
877 874 1317 930 2—3·pollicaribus
1354 889 1527 921 erecto-

19 929 264 984 appressis,
295 930 469 969 ramulis
494 929 697 970 brevibus
733 930 1039 978 subsecundis,
1083 933 1310 984 pedicellis
1338 934 1526 978 hissoris.

21 987 219 1040 Spiculae
245 986 370 1038 paulo
407 987 593 1025 minores
624 1000 747 1039 quam
777 987 821 1025 in
852 988 902 1026 P.
934 987 1232 1038 milioide,
1275 993 1422 1031 nervis
1452 1006 1526 1033 eo-

17 1044 114 1083 dem
158 1042 332 1096 quidem
369 1056 548 1081 numero
587 1042 661 1081 sed
702 1042 1072 1092 evidentioribus,
1124 1046 1273 1086 colore
1313 1047 1440 1087 viridi
1481 1058 1526 1089 et

15 1099 118 1138 hinc
145 1097 246 1137 inde
273 1098 446 1137 sordide
475 1111 705 1151 purpureo.
765 1098 917 1139 Gluma
947 1100 1157 1148 inferior,
1200 1101 1378 1144 brevior
1398 1119 1525 1159 quam

17 1155 146 1194 modo
182 1154 332 1193 allatae
372 1154 559 1206 speciei,
608 1163 755 1203 acuta,
794 1168 875 1194 nec
912 1154 1076 1196 obtusa.
1132 1157 1312 1199 Valvula
1352 1158 1524 1199 flosculi

16 1210 210 1250 neutrius
261 1211 460 1262 superior
512 1209 769 1256 lanceolata,
829 1225 981 1265 parva,
1043 1213 1261 1254 interdum
1310 1214 1524 1259 obsoleta.

16 1266 403 1320 Hermaphroditus
430 1264 632 1305 flosculus
652 1266 813 1315 laevis,
845 1276 1004 1307 acutus.

129 1338 171 1379 b.
215 1336 468 1389 Spiculis
507 1337 764 1376 secundis
794 1338 1120 1379 nutantibus
1161 1340 1339 1393 parvis
1382 1340 1525 1392 (sub-

185 1392 574 1441 fasciculatis,
617 1406 841 1434 racemo
885 1395 1314 1448 decomposito‚
1359 1399 1526 1438 ramis

185 1449 538 1499 linearibus.)
569 1475 623 1482 --
652 1450 817 1504 (spec.
848 1465 888 1490 n.
918 1450 1123 1504 59—67.)

346 1563 402 1598 59.
445 1568 717 1596 PANICUM
751 1568 1203 1598 FRONDESCENS·

132 1637 182 1675 Ρ.
229 1649 398 1676 racemo
439 1637 682 1688 composito
698 1665 708 1682 ,
763 1636 912 1676 rhachi
956 1637 1211 1691 pubescenti
1233 1661 1248 1668 -
1270 1644 1526 1688 tomentosa,

20 1692 201 1732 racemis
223 1692 421 1731 secundis
444 1691 765 1744 glabriusculis,
800 1693 975 1746 spiculis
994 1694 1129 1733 ovatis
1156 1694 1406 1734 acuminatis
1428 1709 1528 1734 ner-

20 1748 134 1789 vosis
158 1747 340 1800 glabris,
373 1748 511 1787 culmo
535 1748 822 1788 adscendente
842 1749 933 1788 basi
958 1750 1177 1790 radicante
1195 1750 1528 1803 subcompresso

19 1818 188 1843 ramoso
212 1803 382 1857 glabro,
415 1804 577 1855 vaginis
600 1805 790 1858 margine
808 1805 1009 1860 colloque
1032 1805 1204 1856 ciliatis,
1236 1805 1356 1846 foliis
1380 1815 1529 1851 ovato-

16 1859 263 1900 lanceolatis
291 1860 554 1899 acuminatis.

124 1931 272 1974 Variat
296 1946 330 1969 a.
358 1930 477 1970 soliis
500 1930 645 1971 subtus
675 1932 862 1985 glabrisg,

291 2007 328 2044 β.
390 2023 444 2031 -
557 2024 612 2030 -
677 2002 1042 2056 pubescentibus3

128 2072 334 2113 Panicum
392 2073 674 2113 frondescens
731 2071 923 2128 Why-er,
986 2070 1054 2113 Fl.
1093 2071 1324 2127 Essequeb.
1364 2089 1409 2128 p.
1456 2072 1526 2116 56.

189 2126 353 2168 Schult.
380 2127 531 2168 Mam.
556 2127 614 2168 [I.
637 2144 682 2182 ρ.
708 2129 802 2169 236.
1186 2162 1188 2165 -

130 2200 336 2240 Panicum
376 2200 698 2252 olyraefolium,
738 2198 884 2239 stadele·
912 2199 1095 2255 Agrost.
1121 2199 1254 2241 Bras.
1280 2216 1325 2255 ρ.
1346 2201 1413 2250 43.
1440 2198 1527 2240 Sie-

189 2255 277 2296 ber.
302 2255 638 2310 Agroslollteca.
664 2272 707 2296 11.
737 2258 824 2298 128.

128 2334 302 2375 Culmus
343 2334 536 2388 pedalis,
580 2334 776 2374 crassitie
815 2333 877 2374 fili
912 2333 1195 2387 emporetici,
1249 2333 1528 2388 geniculatim

22 2390 308 2445 procumbens
337 2400 377 2429 et
407 2390 498 2430 basi
530 2391 750 2438 radimus,
793 2390 891 2430 dein
922 2389 1206 2437 adscendens,
1247 2389 1371 2430 nodis
1393 2391 1526 2442 pluri-

20 2448 100 2487 bus
123 2446 258 2486 fuscis
293 2447 580 2500 interceptus,
629 2446 1092 2498 tereti-compressus,
1133 2446 1331 2492 striatus,
1366 2446 1528 2499 glaber,

21 2517 228 2544 ramosus.
288 2503 477 2555 vaginae
521 2502 779 2542 internodiis
809 2502 936 2542 modo
965 2501 1193 2542 breviores
1223 2501 1349 2541 modo
1381 2502 1530 2541 eadem

23 2567 252 2613 aequantes
287 2558 352 2598 vel
397 2553 670 2611 superantes,
726 2567 893 2606 arctae,
937 2571 1012 2597 ore
1051 2566 1295 2607 truncatae,
1339 2559 1526 2602 striatae,

22 2615 221 2669 glabrae,
266 2614 354 2654 oris
394 2615 562 2654 eiliatae
607 2613 860 2669 fimbriaque
891 2627 914 2652 e
944 2612 1047 2667 pilis
1075 2613 1278 2654 brevibus
1311 2612 1419 2653 albis
1449 2613 1536 2667 sub,

20 2671 128 2711 solio
158 2670 393 2725 praeditae.
453 2670 629 2722 Ligulae
658 2670 755 2711 loco
784 2670 895 2710 linea
925 2672 1085 2711 elevata
1104 2699 1115 2717 ,
1147 2669 1384 2709 subciliara.
1441 2671 1537 2726 F⁰‘'.

19 2727 77 2766 lia
106 2727 150 2766 in
176 2726 314 2766 culmo
346 2725 529 2765 florente
559 2727 762 2779 pollicem
794 2735 837 2766 et
864 2725 1215 2781 sesquipollicem
1246 2725 1395 2779 longa,
1426 2739 1529 2778 pro-

20 2796 77 2836 pe
107 2797 128 2821 a
156 2782 248 2823 basi
290 2782 603 2835 scmipollicem
643 2783 694 2822 ad
731 2783 932 2836 pollicem
971 2782 1066 2822 sere
1111 2781 1222 2828 lata,
1269 2782 1527 2822 ovato-lan-

21 2838 185 2879 ceolata
220 2839 348 2892 longe
383 2840 646 2886 acuminata,
698 2837 790 2878 basi
821 2839 866 2878 in
896 2837 1069 2878 modum
1101 2837 1256 2890 petioli
1294 2845 1525 2882 contracta,

17 2894 191 2943 stricta,
221 2903 310 2934 tota
336 2894 480 2948 glabra
511 2895 578 2934 vel
609 2893 758 2936 subtus
788 2894 1041 2936 tenuissime
1076 2892 1384 2948 pubescentia,
1417 2900 1524 2932 'mar-

83 2968 237 2998 rnonA
268 2968 357 2998 mm
365 2968 453 2998 811..
496 2952 553 2998 II.
970 2959 1031 3001 12
