<?xml version="1.0" encoding="UTF-8"?>
<!DOCTYPE html PUBLIC "-//W3C//DTD XHTML 1.0 Transitional//EN"
    "http://www.w3.org/TR/xhtml1/DTD/xhtml1-transitional.dtd">
<html xmlns="http://www.w3.org/1999/xhtml" xml:lang="en" lang="en">
 <head>
  <title>
</title>
<meta http-equiv="Content-Type" content="text/html;charset=utf-8" />
  <meta name='ocr-system' content='tesseract 3.04.00' />
  <meta name='ocr-capabilities' content='ocr_page ocr_carea ocr_par ocr_line ocrx_word'/>
</head>
<body>
  <div class='ocr_page' id='page_1' title='image "agrostologiabras00nees_0025.png"; bbox 0 0 1788 3183; ppageno 0'>
   <div class='ocr_carea' id='block_1_1' title="bbox 716 161 1618 207">
    <p class='ocr_par' dir='ltr' id='par_1_1' title="bbox 716 161 1618 207">
     <span class='ocr_line' id='line_1_1' title="bbox 716 161 1618 207; baseline -0.001 -7"><span class='ocrx_word' id='word_1_1' title='bbox 716 161 1004 201; x_wconf 59' lang='lat' dir='ltr'><strong>Gnammssffle.</strong></span> <span class='ocrx_word' id='word_1_2' title='bbox 1564 174 1618 207; x_wconf 67' lang='grc' dir='ltr'><strong>ῃ,</strong></span> 
     </span>
    </p>
   </div>
   <div class='ocr_carea' id='block_1_2' title="bbox 101 279 1619 517">
    <p class='ocr_par' dir='ltr' id='par_1_2' title="bbox 101 279 1619 517">
     <span class='ocr_line' id='line_1_2' title="bbox 234 279 1619 348; baseline 0.001 -20"><span class='ocrx_word' id='word_1_3' title='bbox 234 298 275 328; x_wconf 78' lang='grc' dir='ltr'><strong>α.</strong></span> <span class='ocrx_word' id='word_1_4' title='bbox 315 282 526 348; x_wconf 82' lang='lat' dir='ltr'>Spica,</span> <span class='ocrx_word' id='word_1_5' title='bbox 565 280 640 330; x_wconf 76' lang='lat' dir='ltr'><strong>vel</strong></span> <span class='ocrx_word' id='word_1_6' title='bbox 675 281 881 347; x_wconf 82' lang='lat' dir='ltr'><strong>simplex</strong></span> <span class='ocrx_word' id='word_1_7' title='bbox 913 280 991 329; x_wconf 83' lang='lat' dir='ltr'><strong>vel</strong></span> <span class='ocrx_word' id='word_1_8' title='bbox 1025 281 1302 348; x_wconf 88' lang='lat' dir='ltr'><strong>composita</strong></span> <span class='ocrx_word' id='word_1_9' title='bbox 1336 290 1386 328; x_wconf 84' lang='lat' dir='ltr'><strong>et</strong></span> <span class='ocrx_word' id='word_1_10' title='bbox 1419 279 1619 330; x_wconf 86' lang='lat' dir='ltr'><strong>decom-</strong></span> 
     </span>
     <span class='ocr_line' id='line_1_3' title="bbox 101 368 1619 435; baseline -0.001 -18"><span class='ocrx_word' id='word_1_11' title='bbox 101 369 292 435; x_wconf 78' lang='lat' dir='ltr'>posita,</span> <span class='ocrx_word' id='word_1_12' title='bbox 326 369 609 432; x_wconf 87' lang='lat' dir='ltr'><strong>ubicunque</strong></span> <span class='ocrx_word' id='word_1_13' title='bbox 644 369 865 434; x_wconf 86' lang='lat' dir='ltr'><strong>spiculae</strong></span> <span class='ocrx_word' id='word_1_14' title='bbox 899 368 1087 433; x_wconf 79' lang='lat' dir='ltr'>absque</span> <span class='ocrx_word' id='word_1_15' title='bbox 1111 368 1395 434; x_wconf 83' lang='lat' dir='ltr'><strong>pcdicellis,</strong></span> <span class='ocrx_word' id='word_1_16' title='bbox 1431 369 1508 415; x_wconf 80' lang='lat' dir='ltr'><strong>vel</strong></span> <span class='ocrx_word' id='word_1_17' title='bbox 1532 387 1619 435; x_wconf 85' lang='lat' dir='ltr'><strong>pe·</strong></span> 
     </span>
     <span class='ocr_line' id='line_1_4' title="bbox 102 453 1618 517; baseline -0.001 -13"><span class='ocrx_word' id='word_1_18' title='bbox 102 457 295 504; x_wconf 84' lang='lat' dir='ltr'><strong>dicellis</strong></span> <span class='ocrx_word' id='word_1_19' title='bbox 333 456 505 502; x_wconf 82' lang='lat' dir='ltr'><strong>saltem</strong></span> <span class='ocrx_word' id='word_1_20' title='bbox 538 455 838 504; x_wconf 73' lang='lat' dir='ltr'><strong>brevissimis</strong></span> <span class='ocrx_word' id='word_1_21' title='bbox 874 468 1095 512; x_wconf 82' lang='lat' dir='ltr'><strong>utentes,</strong></span> <span class='ocrx_word' id='word_1_22' title='bbox 1146 455 1222 502; x_wconf 78' lang='lat' dir='ltr'><strong>axi</strong></span> <span class='ocrx_word' id='word_1_23' title='bbox 1261 453 1477 517; x_wconf 88' lang='lat' dir='ltr'><strong>(rhachi)</strong></span> <span class='ocrx_word' id='word_1_24' title='bbox 1516 457 1618 503; x_wconf 88' lang='lat' dir='ltr'><strong>cui-</strong></span> 
     </span>
    </p>
   </div>
   <div class='ocr_carea' id='block_1_3' title="bbox 106 543 818 606">
    <p class='ocr_par' dir='ltr' id='par_1_3' title="bbox 106 543 818 606">
     <span class='ocr_line' id='line_1_5' title="bbox 106 543 818 606; baseline -0.007 -15"><span class='ocrx_word' id='word_1_25' title='bbox 106 544 220 591; x_wconf 86' lang='lat' dir='ltr'><strong>dam</strong></span> <span class='ocrx_word' id='word_1_26' title='bbox 255 543 446 606; x_wconf 80' lang='lat' dir='ltr'><strong>integro</strong></span> <span class='ocrx_word' id='word_1_27' title='bbox 483 543 818 589; x_wconf 84' lang='lat' dir='ltr'><strong>innascuntur.</strong></span> 
     </span>
    </p>
   </div>
   <div class='ocr_carea' id='block_1_4' title="bbox 102 712 1622 1129">
    <p class='ocr_par' dir='ltr' id='par_1_4' title="bbox 102 712 1622 1129">
     <span class='ocr_line' id='line_1_6' title="bbox 233 712 1618 780; baseline 0 -17"><span class='ocrx_word' id='word_1_28' title='bbox 233 712 284 763; x_wconf 66' lang='lat' dir='ltr'><strong>E.</strong></span> <span class='ocrx_word' id='word_1_29' title='bbox 323 719 646 773; x_wconf 80' lang='lat' dir='ltr'><strong>Racemus,</strong></span> <span class='ocrx_word' id='word_1_30' title='bbox 683 728 731 763; x_wconf 83' lang='lat' dir='ltr'><strong>et</strong></span> <span class='ocrx_word' id='word_1_31' title='bbox 756 716 796 763; x_wconf 89' lang='lat' dir='ltr'><strong>is</strong></span> <span class='ocrx_word' id='word_1_32' title='bbox 823 715 1021 780; x_wconf 85' lang='lat' dir='ltr'><strong>quidem</strong></span> <span class='ocrx_word' id='word_1_33' title='bbox 1044 714 1119 763; x_wconf 75' lang='lat' dir='ltr'><strong>vel</strong></span> <span class='ocrx_word' id='word_1_34' title='bbox 1147 713 1353 779; x_wconf 82' lang='lat' dir='ltr'><strong>simplex</strong></span> <span class='ocrx_word' id='word_1_35' title='bbox 1379 714 1454 761; x_wconf 81' lang='lat' dir='ltr'><strong>vel</strong></span> <span class='ocrx_word' id='word_1_36' title='bbox 1482 733 1618 763; x_wconf 88' lang='lat' dir='ltr'><strong>eom-</strong></span> 
     </span>
     <span class='ocr_line' id='line_1_7' title="bbox 102 801 1621 869; baseline -0.001 -18"><span class='ocrx_word' id='word_1_37' title='bbox 102 803 295 869; x_wconf 86' lang='lat' dir='ltr'><strong>positus</strong></span> <span class='ocrx_word' id='word_1_38' title='bbox 342 803 767 868; x_wconf 83' lang='lat' dir='ltr'><strong>decompositusve</strong></span> <span class='ocrx_word' id='word_1_39' title='bbox 813 816 861 850; x_wconf 84' lang='lat' dir='ltr'><strong>et</strong></span> <span class='ocrx_word' id='word_1_40' title='bbox 900 802 1052 858; x_wconf 77' lang='lat' dir='ltr'><strong>ultra,</strong></span> <span class='ocrx_word' id='word_1_41' title='bbox 1107 819 1219 848; x_wconf 90' lang='lat' dir='ltr'><strong>cum</strong></span> <span class='ocrx_word' id='word_1_42' title='bbox 1252 801 1470 866; x_wconf 86' lang='lat' dir='ltr'><strong>spiculae</strong></span> <span class='ocrx_word' id='word_1_43' title='bbox 1501 820 1621 867; x_wconf 87' lang='lat' dir='ltr'><strong>pro-</strong></span> 
     </span>
     <span class='ocr_line' id='line_1_8' title="bbox 102 888 1622 954; baseline 0.001 -19"><span class='ocrx_word' id='word_1_44' title='bbox 102 890 227 954; x_wconf 89' lang='lat' dir='ltr'><strong>priis</strong></span> <span class='ocrx_word' id='word_1_45' title='bbox 263 889 520 954; x_wconf 85' lang='lat' dir='ltr'><strong>pedicellis</strong></span> <span class='ocrx_word' id='word_1_46' title='bbox 557 890 632 936; x_wconf 81' lang='lat' dir='ltr'><strong>axi</strong></span> <span class='ocrx_word' id='word_1_47' title='bbox 668 891 858 953; x_wconf 82' lang='lat' dir='ltr'><strong>integro</strong></span> <span class='ocrx_word' id='word_1_48' title='bbox 892 890 1158 954; x_wconf 85' lang='lat' dir='ltr'><strong>junguntur</strong></span> <span class='ocrx_word' id='word_1_49' title='bbox 1170 907 1186 950; x_wconf 77' lang='lat'><em>3</em></span> <span class='ocrx_word' id='word_1_50' title='bbox 1233 888 1429 935; x_wconf 88' lang='lat' dir='ltr'><strong>rhachis</strong></span> <span class='ocrx_word' id='word_1_51' title='bbox 1460 901 1622 936; x_wconf 88' lang='lat' dir='ltr'><strong>autem</strong></span> 
     </span>
     <span class='ocr_line' id='line_1_9' title="bbox 104 976 1621 1042; baseline 0 -18"><span class='ocrx_word' id='word_1_52' title='bbox 104 977 219 1024; x_wconf 89' lang='lat' dir='ltr'><strong>talis</strong></span> <span class='ocrx_word' id='word_1_53' title='bbox 268 977 369 1025; x_wconf 77' lang='lat' dir='ltr'><strong>axis</strong></span> <span class='ocrx_word' id='word_1_54' title='bbox 416 977 551 1025; x_wconf 90' lang='lat' dir='ltr'><strong>audit</strong></span> <span class='ocrx_word' id='word_1_55' title='bbox 585 978 636 1024; x_wconf 92' lang='lat' dir='ltr'><strong>in</strong></span> <span class='ocrx_word' id='word_1_56' title='bbox 671 978 875 1042; x_wconf 85' lang='lat' dir='ltr'><strong>spicatis</strong></span> <span class='ocrx_word' id='word_1_57' title='bbox 912 989 961 1023; x_wconf 82' lang='lat' dir='ltr'><strong>ct</strong></span> <span class='ocrx_word' id='word_1_58' title='bbox 994 976 1290 1032; x_wconf 85' lang='lat' dir='ltr'><strong>racemosis,</strong></span> <span class='ocrx_word' id='word_1_59' title='bbox 1344 976 1387 1023; x_wconf 92' lang='lat' dir='ltr'><strong>si</strong></span> <span class='ocrx_word' id='word_1_60' title='bbox 1419 976 1621 1040; x_wconf 83' lang='lat' dir='ltr'><strong>quando</strong></span> 
     </span>
     <span class='ocr_line' id='line_1_10' title="bbox 106 1063 1621 1129; baseline 0.001 -19"><span class='ocrx_word' id='word_1_61' title='bbox 106 1064 262 1126; x_wconf 83' lang='lat' dir='ltr'><strong>magis</strong></span> <span class='ocrx_word' id='word_1_62' title='bbox 319 1064 534 1113; x_wconf 84' lang='lat' dir='ltr'><strong>minusve</strong></span> <span class='ocrx_word' id='word_1_63' title='bbox 591 1066 641 1112; x_wconf 88' lang='lat' dir='ltr'><strong>in</strong></span> <span class='ocrx_word' id='word_1_64' title='bbox 694 1065 1002 1111; x_wconf 81' lang='lat' dir='ltr'><strong>latitudinem</strong></span> <span class='ocrx_word' id='word_1_65' title='bbox 1052 1080 1317 1129; x_wconf 78' lang='lat' dir='ltr'><strong>expansus,</strong></span> <span class='ocrx_word' id='word_1_66' title='bbox 1380 1063 1621 1112; x_wconf 85' lang='lat' dir='ltr'><strong>secundas</strong></span> 
     </span>
    </p>
   </div>
   <div class='ocr_carea' id='block_1_5' title="bbox 105 1151 887 1218">
    <p class='ocr_par' dir='ltr' id='par_1_5' title="bbox 105 1151 887 1218">
     <span class='ocr_line' id='line_1_11' title="bbox 105 1151 887 1218; baseline -0.001 -21"><span class='ocrx_word' id='word_1_67' title='bbox 105 1151 394 1217; x_wconf 85' lang='lat' dir='ltr'><strong>plerumque</strong></span> <span class='ocrx_word' id='word_1_68' title='bbox 431 1152 646 1217; x_wconf 84' lang='lat' dir='ltr'><strong>spiculas</strong></span> <span class='ocrx_word' id='word_1_69' title='bbox 682 1152 887 1218; x_wconf 81' lang='lat' dir='ltr'><strong>profert.</strong></span> 
     </span>
    </p>
   </div>
   <div class='ocr_carea' id='block_1_6' title="bbox 37 1325 1673 2873">
    <p class='ocr_par' dir='ltr' id='par_1_6' title="bbox 37 1325 1673 2873">
     <span class='ocr_line' id='line_1_12' title="bbox 232 1325 1621 1391; baseline 0.001 -20"><span class='ocrx_word' id='word_1_70' title='bbox 232 1340 276 1378; x_wconf 74' lang='grc' dir='ltr'><strong>Ὑ.</strong></span> <span class='ocrx_word' id='word_1_71' title='bbox 313 1326 614 1373; x_wconf 86' lang='lat' dir='ltr'><strong>Panicula</strong></span> <span class='ocrx_word' id='word_1_72' title='bbox 649 1327 863 1391; x_wconf 71' lang='lat' dir='ltr'><strong>denique</strong></span> <span class='ocrx_word' id='word_1_73' title='bbox 898 1343 955 1372; x_wconf 89' lang='lat' dir='ltr'><strong>ea</strong></span> <span class='ocrx_word' id='word_1_74' title='bbox 989 1338 1063 1372; x_wconf 87' lang='lat' dir='ltr'><strong>est</strong></span> <span class='ocrx_word' id='word_1_75' title='bbox 1098 1325 1487 1381; x_wconf 77' lang='lat' dir='ltr'><strong>inflorescentia,</strong></span> <span class='ocrx_word' id='word_1_76' title='bbox 1536 1341 1621 1372; x_wconf 91' lang='lat' dir='ltr'><strong>eu-</strong></span> 
     </span>
     <span class='ocr_line' id='line_1_13' title="bbox 37 1412 1622 1476; baseline 0.002 -19"><span class='ocrx_word' id='word_1_77' title='bbox 37 1422 43 1428; x_wconf 87' lang='grc'><strong>’</strong></span> <span class='ocrx_word' id='word_1_78' title='bbox 101 1413 179 1476; x_wconf 87' lang='lat' dir='ltr'><strong>jus</strong></span> <span class='ocrx_word' id='word_1_79' title='bbox 214 1412 336 1458; x_wconf 88' lang='lat' dir='ltr'><strong>rami</strong></span> <span class='ocrx_word' id='word_1_80' title='bbox 384 1412 602 1470; x_wconf 79' lang='lat' dir='ltr'><strong>soluti,</strong></span> <span class='ocrx_word' id='word_1_81' title='bbox 662 1415 738 1463; x_wconf 82' lang='lat' dir='ltr'><strong>vel</strong></span> <span class='ocrx_word' id='word_1_82' title='bbox 774 1415 951 1461; x_wconf 82' lang='lat' dir='ltr'><strong>alterni</strong></span> <span class='ocrx_word' id='word_1_83' title='bbox 985 1414 1061 1459; x_wconf 82' lang='lat' dir='ltr'><strong>vel</strong></span> <span class='ocrx_word' id='word_1_84' title='bbox 1098 1412 1501 1459; x_wconf 83' lang='lat' dir='ltr'><strong>semiverticillati</strong></span> <span class='ocrx_word' id='word_1_85' title='bbox 1537 1424 1622 1460; x_wconf 90' lang='lat' dir='ltr'><strong>aut</strong></span> 
     </span>
     <span class='ocr_line' id='line_1_14' title="bbox 104 1500 1622 1565; baseline 0.001 -19"><span class='ocrx_word' id='word_1_86' title='bbox 104 1500 407 1557; x_wconf 80' lang='lat' dir='ltr'><strong>verticillati,</strong></span> <span class='ocrx_word' id='word_1_87' title='bbox 446 1500 498 1546; x_wconf 88' lang='lat' dir='ltr'><strong>in</strong></span> <span class='ocrx_word' id='word_1_88' title='bbox 531 1501 701 1548; x_wconf 88' lang='lat' dir='ltr'><strong>rhachi</strong></span> <span class='ocrx_word' id='word_1_89' title='bbox 737 1503 927 1565; x_wconf 78' lang='lat' dir='ltr'><strong>integra</strong></span> <span class='ocrx_word' id='word_1_90' title='bbox 959 1501 1301 1565; x_wconf 85' lang='lat' dir='ltr'><strong>disponuntur.</strong></span> <span class='ocrx_word' id='word_1_91' title='bbox 1372 1501 1518 1565; x_wconf 83' lang='lat' dir='ltr'><strong>Cujus</strong></span> <span class='ocrx_word' id='word_1_92' title='bbox 1544 1518 1622 1548; x_wconf 83' lang='lat' dir='ltr'><strong>se-</strong></span> 
     </span>
     <span class='ocr_line' id='line_1_15' title="bbox 106 1587 1622 1651; baseline 0.001 -18"><span class='ocrx_word' id='word_1_93' title='bbox 106 1587 320 1633; x_wconf 88' lang='lat' dir='ltr'><strong>cundum</strong></span> <span class='ocrx_word' id='word_1_94' title='bbox 354 1587 670 1644; x_wconf 77' lang='lat' dir='ltr'><strong>divisionem,</strong></span> <span class='ocrx_word' id='word_1_95' title='bbox 726 1589 1087 1651; x_wconf 78' lang='lat' dir='ltr'><strong>longitudinem</strong></span> <span class='ocrx_word' id='word_1_96' title='bbox 1131 1599 1180 1634; x_wconf 85' lang='lat' dir='ltr'><strong>et</strong></span> <span class='ocrx_word' id='word_1_97' title='bbox 1226 1587 1510 1633; x_wconf 81' lang='lat' dir='ltr'><strong>distantiam</strong></span> <span class='ocrx_word' id='word_1_98' title='bbox 1543 1606 1622 1634; x_wconf 90' lang='lat' dir='ltr'><strong>ra-</strong></span> 
     </span>
     <span class='ocr_line' id='line_1_16' title="bbox 104 1673 1618 1740; baseline -0.001 -19"><span class='ocrx_word' id='word_1_99' title='bbox 104 1691 295 1721; x_wconf 87' lang='lat' dir='ltr'><strong>morum</strong></span> <span class='ocrx_word' id='word_1_100' title='bbox 353 1674 697 1721; x_wconf 79' lang='lat' dir='ltr'><strong>distinctiones</strong></span> <span class='ocrx_word' id='word_1_101' title='bbox 751 1688 889 1724; x_wconf 89' lang='lat' dir='ltr'><strong>sunt:</strong></span> <span class='ocrx_word' id='word_1_102' title='bbox 971 1673 1274 1740; x_wconf 77' lang='lat' dir='ltr'><strong>panicula</strong></span> <span class='ocrx_word' id='word_1_103' title='bbox 1339 1675 1618 1739; x_wconf 77' lang='lat' dir='ltr'><strong>simpleX,</strong></span> 
     </span>
     <span class='ocr_line' id='line_1_17' title="bbox 105 1760 1620 1825; baseline 0.001 -19"><span class='ocrx_word' id='word_1_104' title='bbox 105 1761 517 1825; x_wconf 65' lang='lat' dir='ltr'><strong>Subsimplex,</strong></span> <span class='ocrx_word' id='word_1_105' title='bbox 579 1779 828 1810; x_wconf 87' lang='lat' dir='ltr'><strong>ramosa</strong></span> <span class='ocrx_word' id='word_1_106' title='bbox 874 1774 922 1809; x_wconf 83' lang='lat' dir='ltr'><strong>et</strong></span> <span class='ocrx_word' id='word_1_107' title='bbox 964 1760 1413 1817; x_wconf 84' lang='lat' dir='ltr'><strong>ramosissima,</strong></span> <span class='ocrx_word' id='word_1_108' title='bbox 1471 1762 1620 1808; x_wconf 85' lang='lat' dir='ltr'><strong>ramis</strong></span> 
     </span>
     <span class='ocr_line' id='line_1_18' title="bbox 102 1848 1623 1913; baseline 0.001 -20"><span class='ocrx_word' id='word_1_109' title='bbox 102 1848 302 1893; x_wconf 87' lang='lat' dir='ltr'><strong>ramulis</strong></span> <span class='ocrx_word' id='word_1_110' title='bbox 367 1848 726 1913; x_wconf 84' lang='lat' dir='ltr'><strong>pcdicellisque</strong></span> <span class='ocrx_word' id='word_1_111' title='bbox 788 1849 910 1894; x_wconf 67' lang='lat' dir='ltr'><strong>laxis</strong></span> <span class='ocrx_word' id='word_1_112' title='bbox 968 1848 1237 1908; x_wconf 76' lang='lat' dir='ltr'><strong>instructa3</strong></span> <span class='ocrx_word' id='word_1_113' title='bbox 1320 1848 1623 1912; x_wconf 85' lang='lat' dir='ltr'><strong>panicula</strong></span> 
     </span>
     <span class='ocr_line' id='line_1_19' title="bbox 104 1934 1623 2000; baseline 0 -19"><span class='ocrx_word' id='word_1_114' title='bbox 104 1934 479 1998; x_wconf 84' lang='lat' dir='ltr'><strong>thyrsoidca</strong></span> <span class='ocrx_word' id='word_1_115' title='bbox 515 1935 593 1981; x_wconf 85' lang='lat' dir='ltr'><strong>cui</strong></span> <span class='ocrx_word' id='word_1_116' title='bbox 628 1936 751 1982; x_wconf 89' lang='lat' dir='ltr'><strong>rami</strong></span> <span class='ocrx_word' id='word_1_117' title='bbox 785 1936 1069 2000; x_wconf 72' lang='lat' dir='ltr'><strong>rigidiores,</strong></span> <span class='ocrx_word' id='word_1_118' title='bbox 1115 1935 1364 1982; x_wconf 87' lang='lat' dir='ltr'><strong>breviores</strong></span> <span class='ocrx_word' id='word_1_119' title='bbox 1397 1935 1623 1981; x_wconf 86' lang='lat' dir='ltr'><strong>densius-</strong></span> 
     </span>
     <span class='ocr_line' id='line_1_20' title="bbox 108 2021 1624 2089; baseline 0 -21"><span class='ocrx_word' id='word_1_120' title='bbox 108 2038 202 2086; x_wconf 85' lang='lat' dir='ltr'><strong>que</strong></span> <span class='ocrx_word' id='word_1_121' title='bbox 252 2022 619 2087; x_wconf 78' lang='lat' dir='ltr'><strong>circumpositi3</strong></span> <span class='ocrx_word' id='word_1_122' title='bbox 681 2023 983 2089; x_wconf 86' lang='lat' dir='ltr'><strong>panicula</strong></span> <span class='ocrx_word' id='word_1_123' title='bbox 1028 2023 1304 2086; x_wconf 81' lang='lat' dir='ltr'><strong>spicata,</strong></span> <span class='ocrx_word' id='word_1_124' title='bbox 1369 2021 1455 2067; x_wconf 89' lang='lat' dir='ltr'><strong>ubi</strong></span> <span class='ocrx_word' id='word_1_125' title='bbox 1498 2022 1624 2068; x_wconf 84' lang='lat' dir='ltr'><strong>rami</strong></span> 
     </span>
     <span class='ocr_line' id='line_1_21' title="bbox 107 2108 1626 2176; baseline -0.002 -19"><span class='ocrx_word' id='word_1_126' title='bbox 107 2108 281 2157; x_wconf 85' lang='lat' dir='ltr'><strong>breves</strong></span> <span class='ocrx_word' id='word_1_127' title='bbox 334 2108 584 2175; x_wconf 74' lang='lat' dir='ltr'><strong>densoque</strong></span> <span class='ocrx_word' id='word_1_128' title='bbox 635 2110 919 2176; x_wconf 83' lang='lat' dir='ltr'><strong>spiculigeri</strong></span> <span class='ocrx_word' id='word_1_129' title='bbox 963 2121 1012 2156; x_wconf 85' lang='lat' dir='ltr'><strong>et</strong></span> <span class='ocrx_word' id='word_1_130' title='bbox 1043 2109 1369 2174; x_wconf 80' lang='lat' dir='ltr'><strong>approximati</strong></span> <span class='ocrx_word' id='word_1_131' title='bbox 1417 2109 1626 2155; x_wconf 85' lang='lat' dir='ltr'><strong>rhachin</strong></span> 
     </span>
     <span class='ocr_line' id='line_1_22' title="bbox 106 2195 1625 2264; baseline -0.002 -21"><span class='ocrx_word' id='word_1_132' title='bbox 106 2196 391 2263; x_wconf 83' lang='lat' dir='ltr'><strong>primariam</strong></span> <span class='ocrx_word' id='word_1_133' title='bbox 417 2210 610 2262; x_wconf 82' lang='lat' dir='ltr'><strong>tegunt,</strong></span> <span class='ocrx_word' id='word_1_134' title='bbox 648 2199 925 2264; x_wconf 83' lang='lat' dir='ltr'><strong>cylindrum</strong></span> <span class='ocrx_word' id='word_1_135' title='bbox 959 2197 1034 2246; x_wconf 83' lang='lat' dir='ltr'><strong>vel</strong></span> <span class='ocrx_word' id='word_1_136' title='bbox 1069 2197 1216 2243; x_wconf 87' lang='lat' dir='ltr'><strong>aliam</strong></span> <span class='ocrx_word' id='word_1_137' title='bbox 1250 2197 1452 2260; x_wconf 81' lang='lat' dir='ltr'><strong>figuram</strong></span> <span class='ocrx_word' id='word_1_138' title='bbox 1484 2195 1625 2260; x_wconf 84' lang='lat' dir='ltr'><strong>paul-</strong></span> 
     </span>
     <span class='ocr_line' id='line_1_23' title="bbox 106 2283 1624 2350; baseline -0.003 -19"><span class='ocrx_word' id='word_1_139' title='bbox 106 2285 158 2332; x_wconf 93' lang='lat' dir='ltr'><strong>lo</strong></span> <span class='ocrx_word' id='word_1_140' title='bbox 193 2286 347 2348; x_wconf 79' lang='lat' dir='ltr'><strong>magis</strong></span> <span class='ocrx_word' id='word_1_141' title='bbox 392 2286 444 2332; x_wconf 88' lang='lat' dir='ltr'><strong>in</strong></span> <span class='ocrx_word' id='word_1_142' title='bbox 487 2287 846 2350; x_wconf 80' lang='lat' dir='ltr'><strong>longitudinem</strong></span> <span class='ocrx_word' id='word_1_143' title='bbox 892 2296 1196 2350; x_wconf 82' lang='lat' dir='ltr'><strong>protractam</strong></span> <span class='ocrx_word' id='word_1_144' title='bbox 1238 2283 1521 2329; x_wconf 82' lang='lat' dir='ltr'><strong>referentes.</strong></span> <span class='ocrx_word' id='word_1_145' title='bbox 1557 2311 1624 2319; x_wconf 89' lang='lat'><strong>—-</strong></span> 
     </span>
     <span class='ocr_line' id='line_1_24' title="bbox 110 2371 1626 2438; baseline -0.003 -20"><span class='ocrx_word' id='word_1_146' title='bbox 110 2372 262 2436; x_wconf 85' lang='lat' dir='ltr'><strong>Spica</strong></span> <span class='ocrx_word' id='word_1_147' title='bbox 305 2374 382 2420; x_wconf 87' lang='lat' dir='ltr'><strong>vel</strong></span> <span class='ocrx_word' id='word_1_148' title='bbox 424 2374 655 2438; x_wconf 85' lang='lat' dir='ltr'><strong>panicula</strong></span> <span class='ocrx_word' id='word_1_149' title='bbox 701 2374 941 2421; x_wconf 87' lang='lat' dir='ltr'><strong>diminuto</strong></span> <span class='ocrx_word' id='word_1_150' title='bbox 992 2373 1068 2418; x_wconf 72' lang='lat' dir='ltr'><strong>axi</strong></span> <span class='ocrx_word' id='word_1_151' title='bbox 1113 2371 1317 2417; x_wconf 71' lang='lat' dir='ltr'><strong>maxime</strong></span> <span class='ocrx_word' id='word_1_152' title='bbox 1367 2380 1626 2416; x_wconf 78' lang='lat' dir='ltr'><strong>contracta</strong></span> 
     </span>
     <span class='ocr_line' id='line_1_25' title="bbox 113 2445 1673 2524; baseline -0.003 -19"><span class='ocrx_word' id='word_1_153' title='bbox 113 2460 453 2523; x_wconf 86' lang='lat' dir='ltr'><strong>capitulum</strong></span> <span class='ocrx_word' id='word_1_154' title='bbox 489 2460 654 2507; x_wconf 78' lang='lat' dir='ltr'><strong>refert.</strong></span> <span class='ocrx_word' id='word_1_155' title='bbox 722 2461 797 2506; x_wconf 14' lang='lat' dir='ltr'><strong>*In</strong></span> <span class='ocrx_word' id='word_1_156' title='bbox 830 2460 907 2506; x_wconf 90' lang='lat' dir='ltr'><strong>his</strong></span> <span class='ocrx_word' id='word_1_157' title='bbox 943 2458 1234 2524; x_wconf 83' lang='lat' dir='ltr'><strong>praesertim</strong></span> <span class='ocrx_word' id='word_1_158' title='bbox 1269 2456 1512 2503; x_wconf 82' lang='lat' dir='ltr'><strong>densioris</strong></span> <span class='ocrx_word' id='word_1_159' title='bbox 1550 2456 1625 2500; x_wconf 85' lang='lat' dir='ltr'><strong>in·</strong></span> <span class='ocrx_word' id='word_1_160' title='bbox 1669 2445 1673 2448; x_wconf 40' lang='grc'><em>“</em></span> 
     </span>
     <span class='ocr_line' id='line_1_26' title="bbox 112 2542 1625 2608; baseline -0.003 -17"><span class='ocrx_word' id='word_1_161' title='bbox 112 2546 455 2592; x_wconf 74' lang='lat' dir='ltr'><strong>florescentiae</strong></span> <span class='ocrx_word' id='word_1_162' title='bbox 493 2547 664 2594; x_wconf 79' lang='lat' dir='ltr'><strong>formis</strong></span> <span class='ocrx_word' id='word_1_163' title='bbox 698 2547 940 2594; x_wconf 84' lang='lat' dir='ltr'><strong>accedunt</strong></span> <span class='ocrx_word' id='word_1_164' title='bbox 986 2546 1135 2592; x_wconf 89' lang='lat' dir='ltr'><strong>etiam</strong></span> <span class='ocrx_word' id='word_1_165' title='bbox 1177 2556 1342 2608; x_wconf 84' lang='lat' dir='ltr'><strong>partes</strong></span> <span class='ocrx_word' id='word_1_166' title='bbox 1389 2542 1625 2589; x_wconf 82' lang='lat' dir='ltr'><strong>involu-</strong></span> 
     </span>
     <span class='ocr_line' id='line_1_27' title="bbox 113 2630 1623 2698; baseline -0.002 -20"><span class='ocrx_word' id='word_1_167' title='bbox 113 2633 344 2689; x_wconf 85' lang='lat' dir='ltr'><strong>crales,</strong></span> <span class='ocrx_word' id='word_1_168' title='bbox 397 2634 510 2698; x_wconf 85' lang='lat' dir='ltr'><strong>pili,</strong></span> <span class='ocrx_word' id='word_1_169' title='bbox 569 2647 726 2691; x_wconf 84' lang='lat' dir='ltr'><strong>setae,</strong></span> <span class='ocrx_word' id='word_1_170' title='bbox 781 2649 1041 2698; x_wconf 79' lang='lat' dir='ltr'><strong>squamae,</strong></span> <span class='ocrx_word' id='word_1_171' title='bbox 1094 2631 1269 2678; x_wconf 83' lang='lat' dir='ltr'><strong>foliola</strong></span> <span class='ocrx_word' id='word_1_172' title='bbox 1300 2631 1514 2677; x_wconf 86' lang='lat' dir='ltr'><strong>discreta</strong></span> <span class='ocrx_word' id='word_1_173' title='bbox 1548 2630 1623 2676; x_wconf 87' lang='lat' dir='ltr'><strong>vel</strong></span> 
     </span>
     <span class='ocr_line' id='line_1_28' title="bbox 112 2717 1625 2785; baseline -0.002 -19"><span class='ocrx_word' id='word_1_174' title='bbox 112 2732 351 2776; x_wconf 84' lang='lat' dir='ltr'><strong>connata,</strong></span> <span class='ocrx_word' id='word_1_175' title='bbox 406 2737 528 2785; x_wconf 83' lang='lat' dir='ltr'><strong>quas</strong></span> <span class='ocrx_word' id='word_1_176' title='bbox 569 2721 647 2771; x_wconf 83' lang='lat' dir='ltr'><strong>vel</strong></span> <span class='ocrx_word' id='word_1_177' title='bbox 680 2720 814 2768; x_wconf 88' lang='lat' dir='ltr'><strong>soliis</strong></span> <span class='ocrx_word' id='word_1_178' title='bbox 845 2718 1175 2767; x_wconf 85' lang='lat' dir='ltr'><strong>bractealibus</strong></span> <span class='ocrx_word' id='word_1_179' title='bbox 1211 2718 1302 2765; x_wconf 90' lang='lat' dir='ltr'><strong>sub</strong></span> <span class='ocrx_word' id='word_1_180' title='bbox 1339 2717 1475 2765; x_wconf 82' lang='lat' dir='ltr'><strong>floris</strong></span> <span class='ocrx_word' id='word_1_181' title='bbox 1512 2734 1625 2765; x_wconf 82' lang='lat' dir='ltr'><strong>evo-</strong></span> 
     </span>
     <span class='ocr_line' id='line_1_29' title="bbox 110 2804 1625 2873; baseline -0.001 -21"><span class='ocrx_word' id='word_1_182' title='bbox 110 2807 295 2854; x_wconf 84' lang='lat' dir='ltr'><strong>lutione</strong></span> <span class='ocrx_word' id='word_1_183' title='bbox 331 2808 611 2865; x_wconf 79' lang='lat' dir='ltr'><strong>diminutis,</strong></span> <span class='ocrx_word' id='word_1_184' title='bbox 659 2808 736 2856; x_wconf 86' lang='lat' dir='ltr'><strong>vel</strong></span> <span class='ocrx_word' id='word_1_185' title='bbox 770 2807 1028 2873; x_wconf 77' lang='lat' dir='ltr'><strong>pediceilis</strong></span> <span class='ocrx_word' id='word_1_186' title='bbox 1066 2805 1340 2861; x_wconf 78' lang='lat' dir='ltr'><strong>sterilibus,</strong></span> <span class='ocrx_word' id='word_1_187' title='bbox 1393 2805 1469 2852; x_wconf 73' lang='lat' dir='ltr'><strong>vel</strong></span> <span class='ocrx_word' id='word_1_188' title='bbox 1505 2804 1625 2850; x_wconf 84' lang='lat' dir='ltr'><strong>setis</strong></span> 
     </span>
    </p>
   </div>
   <div class='ocr_carea' id='block_1_7' title="bbox 112 2891 1625 2958">
    <p class='ocr_par' dir='ltr' id='par_1_7' title="bbox 112 2891 1625 2958">
     <span class='ocr_line' id='line_1_30' title="bbox 112 2891 1625 2958; baseline -0.004 -18"><span class='ocrx_word' id='word_1_189' title='bbox 112 2894 351 2958; x_wconf 79' lang='lat' dir='ltr'><strong>pilisque,</strong></span> <span class='ocrx_word' id='word_1_190' title='bbox 405 2894 468 2941; x_wconf 85' lang='lat' dir='ltr'><strong>ad</strong></span> <span class='ocrx_word' id='word_1_191' title='bbox 498 2895 781 2957; x_wconf 85' lang='lat' dir='ltr'><strong>vaginarum</strong></span> <span class='ocrx_word' id='word_1_192' title='bbox 809 2894 954 2942; x_wconf 84' lang='lat' dir='ltr'><strong>bases</strong></span> <span class='ocrx_word' id='word_1_193' title='bbox 981 2892 1321 2957; x_wconf 85' lang='lat' dir='ltr'><strong>frequentibus</strong></span> <span class='ocrx_word' id='word_1_194' title='bbox 1352 2891 1625 2954; x_wconf 70' lang='lat' dir='ltr'><strong>eodemque</strong></span> 
     </span>
    </p>
   </div>
  </div>
 </body>
</html>
