1788 3183
157 206 240 249 580

160 323 396 367 Ordinibus
428 320 626 359 distincta
657 319 767 358 suia:
800 332 874 359 seu
905 318 1056 358 ductus
1088 319 1129 359 in
1162 320 1308 359 orbem

157 394 341 437 Tortilis
371 402 587 433 extremos
618 390 756 429 sulcus
787 389 868 429 tibi
899 390 1081 429 circinct
1111 400 1255 440 antes,

158 469 247 508 Seu
277 466 410 504 latera
442 464 483 501 in
511 459 712 513 quadrum
744 460 1121 513 pi·aecastigaveris
1154 475 1305 515 nequa:

156 539 244 578 Seu
274 549 410 576 cuneo
441 533 593 571 similis
623 532 781 584 placuit
813 531 945 582 magis
977 545 1095 578 area,
1129 532 1268 569 lunam

156 611 244 649 Seu
276 621 381 661 quae
414 604 552 642 forma
582 603 728 647 decet,
765 602 907 640 medio
938 615 1030 640 cum
1065 602 1280 654 splenduit
1309 616 1412 650 ore,

155 682 213 719 Et
243 673 560 717 circumflexum
590 673 733 713 radios
766 672 945 710 sinuavit
976 673 1016 710 in
1050 686 1214 711 arcum:

154 751 254 790 Sive
282 748 325 786 in
356 746 639 801 quincuncem
670 743 776 796 juvit
807 743 1056 781 describere
1092 744 1276 795 plantas,

153 823 211 860 Et
239 819 479 872 triquetrus
508 815 627 855 stetit
657 814 795 852 omnis
827 827 945 865 ager:
977 827 1047 852 res
1078 815 1253 866 pulchra
1284 814 1494 863 videndo,

155 892 364 950 Quaeque
397 886 544 928 oculos
576 885 721 938 spes-ie
754 884 861 923 mire
894 885 1079 924 delectet
1108 898 1293 923 amoena.

264 963 382 1009 Ergo
415 958 618 997 clamosas
649 956 794 994 turbas
826 963 1046 1007 pertaesus
1078 964 1120 995 et
1148 955 1321 999 urbem,

153 1035 259 1073 Cum
289 1030 369 1070 tibi
401 1027 612 1068 sollicitus
642 1026 771 1065 timor
800 1025 918 1064 anxia
949 1026 1078 1065 corda
1109 1025 1364 1070 momordit,

150 1107 241 1144 Rus
271 1110 398 1155 pete,
444 1108 486 1138 et
525 1112 575 1137 ex
614 1097 697 1136 alto
740 1096 991 1148 despectans
1030 1097 1213 1136 culmine
1256 1098 1413 1137 montis

151 1173 217 1214 Ad
248 1170 542 1223 circumjectas
574 1177 727 1221 torque
759 1176 827 1206 tua
858 1167 1013 1206 lumina
1045 1168 1200 1213 valles,

147 1246 205 1286 Et
236 1255 406 1296 campos
437 1248 597 1278 metm-e
629 1237 779 1277 oculis.
839 1240 959 1277 Juvat
990 1253 1085 1279 arva
1117 1239 1264 1279 videre

151 1315 329 1355 Consita
359 1310 664 1356 arundinibus,
708 1319 833 1349 vento
872 1309 1086 1361 crispante
1130 1312 1301 1362 procaci

147 1386 385 1426 Undantem
422 1390 635 1435 segetem,
669 1380 839 1419 sinuosa
869 1379 1081 1418 volumina
1112 1390 1201 1420 toto

147 1457 362 1510 Aequore
384 1463 428 1491 ut
461 1452 782 1506 agglomerent3
825 1451 895 1490 vel
926 1463 1019 1490 cum
1048 1449 1119 1490 ssat
1150 1452 1321 1491 mollior
1347 1466 1472 1500 aura,

146 1528 205 1567 Et
233 1525 320 1566 leni
351 1525 541 1578 aspirans
573 1523 680 1561 ludit
709 1535 785 1574 per
815 1520 941 1561 inane
973 1535 1194 1569 sussurro,

145 1599 327 1650 Campus
357 1605 402 1635 ut
430 1593 695 1646 obstreperis
725 1601 876 1631 nutans
906 1592 1130 1631 horrescat
1160 1593 1316 1632 avenis.

146 1668 262 1730 Quin
302 1666 518 1706 sitibunda
556 1665 638 1704 tibi
679 1664 714 1703 si
754 1664 919 1702 viscera
961 1660 1076 1703 forte
1109 1674 1368 1717 coquantur,

147 1738 257 1800 Quis
286 1746 401 1778 vetat
430 1744 639 1775 exsectam
671 1732 811 1774 vicino
844 1748 865 1773 e
901 1734 1089 1787 caespite
1120 1747 1290 1773 cannam

142 1809 343 1855 Vellere,
376 1809 639 1860 decussaque
671 1804 790 1857 prius
823 1803 1022 1859 (namque
1053 1804 1224 1857 aspera)
1255 1804 1434 1855 fronde,

141 1880 225 1925 Vel
257 1878 379 1918 cultri
412 1877 592 1924 auxilio,
624 1876 836 1928 impresso
865 1876 931 1916 vel
962 1875 1089 1914 dente
1121 1875 1368 1924 medullam,

142 1951 342 2000 Nudare,
387 1947 687 2000 ambrosioque
736 1946 849 1985 sitim
902 1945 1172 2000 restinguere
1226 1946 1390 1987 succo?

144 2023 280 2069 Sunt,
314 2034 419 2074 quos
450 2017 718 2058 membratim
749 2025 877 2056 totam
907 2029 1104 2056 resecare
1134 2016 1317 2069 juvabit,

146 2094 239 2155 Qua
269 2101 385 2131 teres
417 2089 606 2129 articulis
640 2087 861 2138 distinguit
891 2086 1026 2127 nodus
1058 2101 1255 2127 avenam:

143 2163 345 2204 Frustula
372 2170 485 2207 tum,
518 2159 664 2212 praelo
695 2157 825 2198 veluti
858 2157 1076 2210 subjecta,
1118 2156 1297 2211 fatigant

145 2233 384 2274 Dentibus:
416 2232 748 2284 admorsosque,
782 2237 824 2267 et
855 2226 1017 2267 crebris
1049 2227 1239 2267 suctibus
1268 2226 1443 2268 haustos

144 2304 376 2344 Exsiccant
421 2303 616 2342 calamos.
674 2301 835 2341 Verum
874 2297 942 2337 his
984 2307 1024 2337 et
1052 2297 1203 2338 fallere
1233 2307 1427 2352 tempus,

146 2377 204 2415 Et
232 2375 381 2414 tristes
412 2371 540 2412 animi
570 2370 737 2410 dabitur
765 2369 903 2408 lenire
934 2368 1108 2408 dolores
1128 2397 1138 2416 ‚

147 2447 383 2500 Postquam
415 2452 535 2483 enata
566 2455 688 2494 seges
718 2448 808 2479 toto
838 2438 922 2492 jam
952 2439 1140 2479 creverit
1167 2452 1291 2479 anno.

262 2517 385 2556 Nunc
416 2513 682 2553 intermissus
711 2499 886 2551 revocat
912 2509 1054 2560 labor,
1084 2509 1302 2564 herbaque
1331 2509 1440 2558 late,

152 2588 268 2628 Dum
298 2595 471 2625 tenerae
501 2590 749 2635 erumpunt,
779 2589 1007 2632 praevocat
1033 2580 1158 2620 noxia
1190 2593 1355 2620 cannas.

150 2659 275 2698 Nunc
305 2657 412 2695 male
443 2653 679 2694 foecundos
708 2661 875 2705 tempus
907 2651 1062 2690 sarrire
1093 2651 1289 2691 novales:

150 2730 243 2769 Nec
272 2725 484 2768 runcanda
514 2737 637 2778 seges
666 2721 800 2762 semel
831 2729 920 2770 est,
951 2731 1018 2762 ter
1042 2730 1090 2761 et
1119 2721 1299 2775 amplius
1329 2720 1434 2761 illud

149 2799 398 2854 Urgendum
429 2794 635 2840 studium,
667 2793 803 2832 donec
834 2791 1085 2846 grandescat
1115 2792 1301 2842 arundo,

150 2871 290 2925 Atque
320 2865 562 2907 adnascenti
597 2872 724 2920 queat
755 2862 1015 2904 obluctarier
1042 2862 1158 2903 hosti
