1788 3183
308 185 592 226 Galimms‘iu.
650 182 940 224 Onsnnvmio
972 191 1299 222 Gnocnapncu.
1429 212 1434 217 .
1470 178 1552 221 543

47 305 243 346 volumen
270 305 501 345 seeundum
527 302 775 349 comitatur,
808 299 1006 349 indicavi,
1037 300 1404 353 physiognomiam
1430 314 1551 341 mon-

45 362 179 407 tium,
231 361 305 416 qui
342 361 456 400 inter
505 356 878 411 Sebastianopolin
923 364 966 396 et
1000 357 1042 395 S.
1077 357 1199 394 Pauli
1232 357 1445 397 civitatem
1476 357 1549 397 de·

46 425 251 462 currunt,
296 416 670 471 vegetationisque
716 414 851 454 varias
893 413 1033 460 vices,
1080 411 1242 452 ibidem
1289 413 1548 461 obtinentes,

48 471 335 527 depingendo.

159 528 300 569 Simili
330 527 496 566 ratione
516 555 525 573 ‚
576 538 624 565 ac
655 524 708 564 de
741 523 992 564 Bambuseis
1026 524 1125 564 heic
1157 533 1432 577 monstratum
1467 534 1546 573 est,

46 593 90 625 et
116 583 283 637 reliqua
308 584 496 637 gramina
529 590 644 621 certa
667 581 762 634 lege
785 580 866 632 jam
888 581 1012 620 altius
1041 580 1300 620 adscendere
1317 608 1327 626 ,
1359 580 1441 632 jam
1470 580 1547 619 mi-

44 654 124 680 nus
154 640 258 686 alte,
300 639 383 692 jam
419 639 462 677 in
499 638 596 676 imis
641 637 893 676 convallium
930 636 1038 675 locis
1072 636 1263 676 habitare
1296 650 1546 688 persuasum

37 696 264 735 ¹habemus.
335 697 504 734 Desunt
540 707 640 732 vero
683 693 736 731 de
768 692 846 731 hac
881 705 930 730 re
964 691 1286 732 observationes
1321 705 1417 731 cum
1447 705 1547 732 cura

46 752 292 796 institutae,
338 765 445 805 quae
481 764 501 789 a
536 749 908 802 peregrinantibus
945 744 1230 794 difficillime,
1285 762 1427 803 neque
1461 749 1547 788 rite

46 808 134 847 nisi
164 806 215 845 ab
245 805 456 857 ejusmodi
499 814 673 844 naturae
715 803 895 843 curiosis
936 803 1101 842 institui
1143 813 1344 856 possunt,
1393 803 1546 858 quibus

45 864 211 917 plantae
231 863 328 901 illae
347 863 431 902 sint
444 861 563 916 quasi
576 860 849 900 domesticae.
876 861 971 898 Hoc
985 867 1124 897 tamen
1141 859 1183 898 in
1200 861 1443 899 universum
1459 860 1546 900 dici

45 917 256 973 potuerit,
302 918 495 971 StipeaS,
528 919 757 970 Agrosteas
787 926 827 955 et
857 915 1057 968 quasdam
1089 917 1318 954 Festuceas
1349 917 1472 955 altius
1502 916 1547 955 in

45 984 212 1015 montes
250 973 538 1019 adscendere,
582 986 704 1026 quam
745 972 934 1025 reliquas
978 971 1194 1024 plurimas,
1252 974 1328 1019 Et,
1370 973 1406 1011 si
1451 972 1545 1027 qui-

47 1027 144 1071 dem
172 1031 214 1069 in
245 1030 513 1084 generaliora
552 1029 734 1066 animum
776 1027 1069 1072 intendamus,
1115 1028 1154 1066 id
1193 1028 1318 1068 nobis
1359 1037 1547 1067 statuen-

45 1088 146 1127 dum
172 1085 364 1134 videtur,
408 1086 708 1138 amplissimam
736 1083 1003 1123 diversorum
1030 1085 1262 1137 graminum
1297 1085 1460 1137 copiam
1492 1097 1545 1124 eo

45 1140 346 1183 humilioribus
369 1156 494 1194 supra
517 1141 736 1181 Oceanum
763 1140 843 1180 soli
871 1139 1181 1179 elevationibus
1202 1141 1416 1194 propriam
1435 1154 1544 1189 esse,

48 1213 133 1254 quo
176 1199 308 1251 magis
350 1213 371 1236 a
404 1197 594 1249 Tropico
637 1196 889 1248 Capricorni
940 1210 1085 1235 versus
1124 1201 1407 1251 Aequatorem
1446 1210 1548 1250 pro-

47 1253 186 1295 cedas.
245 1253 410 1294 Pendet
450 1254 530 1293 hoc
561 1268 582 1291 a
615 1252 819 1306 singulari
852 1251 932 1290 soli
980 1252 1216 1292 elevatione
1269 1254 1402 1292 totius
1442 1255 1547 1291 Bra·

49 1311 195 1359 siliae,
238 1309 351 1365 quod
381 1306 458 1348 sub
498 1309 688 1361 Tropico
728 1321 835 1347 2000
868 1317 910 1346 et
951 1307 1065 1361 quod
1097 1309 1264 1347 excedit
1294 1308 1446 1361 pedum
1478 1322 1547 1347 su·

47 1381 123 1421 pra
167 1380 280 1407 mare
324 1365 479 1412 altum,
529 1365 627 1404 inde
667 1378 815 1404 versus
855 1362 1464 1417 Aust1·um,'Septentrionem
1507 1372 1550 1404 et

48 1422 330 1463 Occidentem
371 1422 624 1468 inclinatur,
680 1420 738 1459 ita
778 1429 823 1459 ut
871 1420 906 1458 si
955 1419 1087 1472 fingas
1130 1420 1280 1459 lineam
1325 1419 1547 1475 quandam,

48 1478 93 1518 in
125 1493 226 1533 qua,
258 1479 355 1518 loco
386 1479 616 1529 sylvarum,
649 1475 837 1529 gramina
868 1477 1122 1528 proveniant
1152 1490 1198 1515 ac
1229 1480 1270 1514 in
1302 1486 1417 1529 prata
1450 1490 1550 1516 con-

47 1543 262 1582 texantur,
278 1535 383 1574 haec
402 1547 533 1586 prope
550 1532 782 1583 Tro-picum
804 1544 923 1574 2000,
956 1533 1062 1571 2500
1085 1532 1212 1571 immo
1231 1531 1340 1571 3000
1358 1531 1451 1584 ped.
1468 1534 1549 1572 alta

49 1602 176 1644 snpra
207 1591 427 1632 Oceanum
459 1586 708 1642 apparebit,
764 1587 949 1641 indeque
983 1601 1127 1626 versus
1161 1591 1443 1642 Aequatorem
1474 1590 1549 1629 de·

49 1646 254 1694 scendet,
296 1655 341 1685 ut
381 1646 441 1684 ibi
486 1644 651 1684 tandem
694 1643 830 1696 ipsius
861 1643 986 1680 maris
1019 1643 1142 1695 plano
1173 1643 1398 1683 incumbat.
1456 1648 1548 1687 Hac

47 1704 214 1742 ratione
234 1702 372 1755 campi
396 1701 581 1740 omnium
609 1699 803 1739 altissimi
834 1699 943 1737 intra
974 1700 1205 1752 'l'ropicum
1236 1709 1279 1739 et
1315 1710 1424 1749 ,qum
1456 1716 1548 1756 gra-

47 1758 146 1797 dum
188 1759 256 1798 lat.
289 1757 483 1797 australis
516 1756 681 1796 obviam
712 1756 911 1802 veniunt3
949 1754 1029 1807 jam
1064 1756 1194 1809 magis
1225 1757 1444 1809 magisque
1476 1759 1550 1798 de..

48 1814 180 1854 clives
221 1825 262 1855 et
300 1813 551 1853 humiliores
583 1812 623 1850 in
655 1811 935 1851 interioribus
967 1812 1279 1864 provinciarum
1312 1811 1548 1861 Balliensis,

46 1871 444 1909 Pernambucanae.
477 1868 703 1908 Cearensis
735 1876 778 1907 et
807 1867 1175 1920 Maragnanensis,
1215 1882 1349 1922 usque
1380 1868 1476 1907 dum
1509 1871 1551 1909 in

46 1926 227 1979 pingues
259 1926 354 1965 illos
393 1939 565 1978 campos
597 1923 820 1963 inundatos
850 1922 963 1974 juxta
995 1921 1165 1962 fluvium
1197 1926 1451 1964 Amazonum
1481 1940 1548 1965 ex-

46 1991 247 2029 currunt,
283 1982 384 2036 qui,
427 1981 535 2020 haud
567 1981 716 2032 procul
754 1994 775 2017 a
817 1979 922 2017 mari
963 1979 1091 2032 idque
1137 1979 1359 2019 altitudine
1401 1997 1547 2035 parum

49 2047 326 2090 superantes,
372 2051 523 2076 versus
557 2035 760 2085 Gujanam
792 2034 983 2088 gallicam
1015 2035 1327 2083 extenduntur,
1371 2038 1414 2077 in
1459 2048 1545 2076 tan-

48 2102 132 2133 tam
165 2093 487 2147 amplitudinem
518 2091 689 2137 diffusi,
730 2100 775 2130 ut
807 2091 1152 2143 peregrinatores
1200 2104 1280 2130 acu*
1316 2097 1547 2149 magnetica

47 2164 154 2202 opus
194 2149 377 2190 habeant
414 2157 712 2201 astrorumque
756 2148 1080 2191 observatione,
1123 2163 1204 2187 non
1246 2148 1382 2190 minus
1424 2164 1470 2190 ac
1504 2149 1546 2189 in

47 2206 224 2246 Oceano
273 2215 449 2252 nautae,
509 2218 560 2243 ne
606 2203 889 2243 directionem
932 2201 1098 2243 itineris
1147 2205 1336 2257 perdant.
1410 2208 1545 2266 Quam

47 2263 102 2301 ob
130 2276 219 2301 rem
250 2262 405 2301 lineam
426 2261 552 2303 hanc,
587 2274 709 2314 quam
735 2259 1063 2312 descripsimus,
1096 2260 1188 2309 jure
1219 2259 1402 2301 Lineam
1431 2276 1546 2300 cam-

42 2330 199 2371 porum
241 2317 444 2369 dicemus.
522 2317 641 2376 Quae
683 2315 852 2369 quidem
894 2316 1003 2354 linea
1047 2316 1090 2354 id
1140 2317 1358 2369 proprium
1398 2319 1540 2367 habet,

46 2374 165 2428 quod
203 2373 248 2412 in
291 2372 542 2425 regionibus
590 2371 912 2410 ausu-altoribus
957 2371 1095 2422 sylvae
1136 2373 1220 2410 sint
1259 2374 1367 2412 infra
1415 2375 1541 2421 illam,

46 2443 171 2481 supra
234 2442 336 2468 vero
403 2428 517 2465 illam
575 2426 617 2465 in
667 2425 926 2465 borealibus.
1004 2428 1166 2478 Nempe
1217 2428 1257 2466 in
1309 2430 1544 2481 provinciis

47 2486 90 2523 S.
123 2485 268 2532 Pauli,
312 2484 546 2528 Minarum,
595 2495 674 2520 nec
704 2496 787 2520 non
819 2481 860 2520 in
895 2491 1011 2532 parte
1046 2484 1290 2533 provinciae
1321 2485 1544 2526 Bahiensis

46 2554 130 2578 non
172 2539 295 2586 alibi,
339 2553 459 2593 quam
499 2537 798 2576 humilioribus
837 2536 945 2576 locis
982 2549 1106 2592 atque
1147 2539 1197 2578 ad
1239 2540 1352 2591 ripas
1391 2539 1542 2581 fluvio·

46 2610 164 2642 rum,
197 2610 275 2649 per
304 2608 474 2646 campos
506 2594 852 2639 decurrentium,
885 2593 1022 2643 sylvae
1055 2596 1188 2634 locum
1213 2595 1545 2651 habent,'quo‹l

45 2652 216 2690 nonnisi
255 2650 321 2689 his
363 2650 465 2688 locis
506 2650 734 2695 humores,
793 2649 945 2702 quibus
991 2651 1256 2695 nutriantur,
1302 2652 1543 2701 inveniant;

47 2717 195 2745 eontra
235 2707 276 2744 in
321 2704 565 2744 borealibus
597 2704 853 2758 ‘regionibus
886 2713 1078 2750 montes,
1122 2706 1269 2760 illique
1311 2707 1403 2747 sere
1447 2709 1541 2755 soli,

46 2763 178 2814 sylvas
210 2761 450 2814 recipiunt,
484 2762 657 2799 nubium
686 2760 1019 2813 nebularumque
1047 2761 1295 2801 humoribus
1329 2763 1542 2816 rigandos,

45 2818 143 2856 dum
187 2817 411 2870 planities,
456 2816 685 2870 quotannis
731 2815 883 2854 canino
925 2816 1064 2855 sidere
1109 2827 1303 2868 exustae,
1348 2819 1545 2860 arbores-

44 2875 231 2915 centium
261 2873 497 2928 plantarum
527 2886 702 2913 amoena
733 2872 1097 2913 fronde-careant.
