1788 3183
185 171 271 212 650
442 171 720 210 Gaammmn.
781 167 1071 210 onsnnvmto
1109 183 1434 213 cssocmrnicn.

189 298 323 329 tano-
340 290 580 329 maritimae
605 289 655 329 ad
684 286 966 330 Occidentem
988 291 1126 330 sitam.
1185 293 1231 330 In
1262 290 1491 331 Mitem-um
1514 294 1683 346 provin·

188 345 256 386 cia
295 345 429 398 igitur
472 346 553 385 boc
595 346 781 385 termino
819 346 1046 386 salutamus
1091 357 1251 393 terras,
1313 363 1422 403 quae
1460 363 1482 386 e
1523 363 1686 388 summo

187 402 396 440 montium
426 411 563 441 tractu
595 416 746 440 versus
770 402 812 441 S.
848 402 1066 445 Francisci
1104 401 1258 442 flumen
1288 404 1579 451 declinantur,
1622 405 1686 442 in-

190 457 332 510 deque
366 458 409 496 in
448 457 630 497 confinia
659 458 906 509 provinciae
946 459 1195 509 Goyazanae
1230 459 1477 509 elevantia-3
1522 460 1566 498 in
1599 458 1689 497 Ba-

189 510 326 551 lelensi
360 514 580 566 provincia
619 514 867 552 universum
898 513 994 552 fere
1025 515 1287 553 continentis
1333 525 1538 562 tractum,
1577 529 1688 554 nunc

189 570 361 621 planum
389 584 502 608 nunc
527 569 774 609 monticulis
797 569 1042 608 undulatum
1060 599 1069 615 ,
1104 571 1145 609 in
1169 585 1294 623 quem
1322 572 1541 624 primarii,
1573 571 1687 625 quod

189 624 400 674 diximus,
446 625 534 678 jugi
575 625 934 678 septentrionales
974 625 1081 664 radii
1120 637 1363 667 excurrunt.
1436 628 1538 667 Inde
1572 635 1688 665 trans

190 679 367 721 fluvium
417 679 456 721 S.
506 678 724 720 Francisci
771 696 914 721 versus
956 682 1305 733 Septentrionem
1351 684 1394 723 in
1441 682 1686 736 provincias

189 735 503 783 I’iauleianam,
545 735 947 776 Pernambacanam
974 746 1016 776 et
1042 738 1230 792 reliquas
1251 753 1396 778 omnes
1422 748 1555 777 terras
1584 751 1686 778 con-

189 793 403 839 tinuatur,
437 807 544 847 quae
572 793 621 832 ad
651 791 785 843 fluvii
824 793 1095 831 Amazonum
1129 803 1309 833 tractum
1336 810 1419 833 non
1452 794 1685 847 pertinent.

190 851 413 902 Ingentem
443 849 553 888 hanc
576 849 740 902 plagam
781 858 908 902 auget
930 849 1075 888 forsan
1119 862 1265 902 magna
1305 865 1402 903 pars
1437 849 1684 904 provinciae

191 902 486 958 Gay-ammte,
518 913 564 943 ut
587 905 712 945 nobis
734 905 907 959 quidem
929 919 1032 945 vero
1064 905 1203 944 simile
1228 905 1394 945 videtur
1411 936 1421 955 ,
1457 915 1686 959 propterea

193 961 312 1013 quod
337 961 490 1000 eodem
517 960 690 1000 climate
713 960 919 1014 gaudeam
959 961 1033 1000 sed
1061 962 1171 999 nulla
1207 962 1330 1000 nobis
1368 962 1490 1013 hujus
1527 970 1690 1001 tractus

191 1016 383 1068 gramina
404 1027 501 1056 nota
525 1027 636 1064 sunt,
665 1031 774 1065 nam,
809 1031 916 1071 quae
933 1016 1151 1064 hahemus,
1178 1017 1218 1054 in
1245 1017 1349 1070 ipsis
1366 1017 1570 1057 limitibus
1594 1031 1691 1070 pro-

193 1073 364 1111 vinciae
392 1074 641 1123 Goyazanae
670 1073 950 1112 orientalibus
975 1073 1019 1112 in
1044 1073 1126 1112 alta
1156 1073 1360 1126 planitie,
1406 1072 1611 1126 Chapada
1635 1072 1691 1111 do

195 1126 404 1167 Par-amin
434 1129 573 1175 dicta,
603 1129 870 1182 collegimus.

307 1187 480 1224 Montes
508 1185 630 1237 hujus
664 1185 850 1238 ingentis
887 1184 1079 1238 regionis
1119 1184 1256 1237 petris
1291 1184 1463 1237 quidem
1496 1194 1693 1224 constant

196 1241 325 1294 longe
365 1240 701 1279 diversissimis:
744 1240 948 1287 Granite,
995 1239 1204 1287 Gneisse,
1239 1241 1472 1291 Syenitite,
1521 1241 1693 1280 Schisto

195 1297 404 1343 micaceo,
436 1296 626 1341 Diorste,
656 1297 884 1344 Calcareo,
918 1309 1042 1350 quem
1069 1305 1353 1335 transeuntem
1376 1306 1554 1342 vocant,
1586 1298 1694 1336 Are-

196 1354 320 1392 nario
340 1382 353 1400 ,
383 1352 490 1402 1·el.;
528 1352 634 1391 coeli
667 1353 900 1406 temperies
935 1362 1072 1392 tamen
1105 1353 1252 1391 eadem
1285 1361 1379 1390 est:
1421 1352 1690 1400 calidissima,

198 1409 341 1455 sicca,
388 1421 413 1447 e
450 1408 670 1447 mensibus
706 1408 864 1462 pluviis
901 1408 946 1446 in
986 1408 1244 1446 siccissimos
1289 1408 1447 1446 abiens.
1521 1408 1695 1447 Initium

199 1464 438 1518 pluviarum
466 1478 521 1504 eo
543 1465 706 1503 tardius
741 1473 831 1511 est,
862 1479 945 1518 quo
982 1464 1112 1516 magis
1140 1465 1190 1502 ad
1211 1465 1499 1517 Aequatorem
1529 1463 1696 1503 accedi-

197 1533 321 1568 mus3
352 1520 395 1558 in
418 1520 679 1559 calidissimo
705 1520 877 1560 deserto
910 1529 1065 1558 tractus
1095 1519 1272 1558 auriferi
1303 1522 1442 1572 (prov.
1467 1517 1696 1558 illium-nm

201 1586 246 1616 et
274 1574 525 1626 Rabiensis)
555 1576 724 1628 pluviae
750 1589 894 1615 mense
918 1575 1100 1616 Octobri
1127 1576 1351 1628 ingruunt,
1396 1575 1632 1629 durantque
1656 1577 1698 1614 in

199 1633 429 1682 Martium3
462 1633 507 1671 in
525 1630 751 1671 Sectrae‘nsi
770 1631 991 1685 provincia
1017 1632 1124 1684 pluit
1154 1646 1176 1669 a
1199 1631 1431 1670 Decembri
1450 1632 1491 1669 in
1513 1633 1701 1671 Junium.

201 1688 353 1729 Visum
379 1698 443 1727 est
464 1688 549 1727 hoc
569 1697 805 1728 memoratu
826 1688 998 1742 (lignum
1013 1717 1026 1734 ,
1056 1687 1166 1741 quod
1188 1687 1359 1726 initium
1378 1688 1585 1739 temporis
1609 1687 1700 1740 plu·

202 1744 310 1784 viosi
362 1753 627 1783 constantem
666 1744 874 1783 rationem
907 1743 1060 1782 habeat
1098 1743 1149 1781 ad
1181 1744 1489 1796 graminum
1519 1746 1699 1782 Hama-

205 1800 470 1852 dryadum
520 1798 708 1840 florendi
757 1809 937 1852 tempus.
1019 1802 1116 1838 Hoc
1164 1812 1266 1838 vero
1306 1799 1348 1837 in
1391 1799 1514 1851 hujus
1553 1799 1701 1852 plagae

202 1856 456 1910 regionibns
479 1857 614 1910 magis
644 1856 695 1895 ad
720 1856 919 1895 Austrum
946 1854 1037 1894 sitis
1068 1868 1217 1894 mense
1249 1855 1506 1900 Deccmbri,
1548 1857 1591 1893 in
1627 1855 1700 1894 bo·

202 1913 392 1952 reatibus
438 1912 678 1952 Februario
720 1912 890 1963 incipit.
986 1912 1033 1949 In
1078 1911 1206 1949 maris
1252 1911 1405 1950 vicinia
1462 1912 1587 1950 clima
1627 1910 1701 1949 ali·

204 1977 277 2007 ter
319 1982 365 2008 se
404 1968 558 2015 habet,
612 1982 659 2008 ac
698 1968 870 2008 videtur
907 1980 1003 2006 cum
1043 1967 1258 2019 regionis,
1318 1980 1441 2020 quam
1482 1976 1705 2006 montano-

205 2025 457 2076 sylvestrem
488 2024 688 2073 diximus,
726 2024 973 2063 convenire.
1033 2023 1153 2082 Quae
1184 2023 1282 2062 heic
1314 2024 1507 2061 locorum
1542 2022 1705 2060 mariti·

205 2094 374 2120 morum
393 2080 574 2119 collecta
605 2089 770 2129 essent,
803 2094 888 2119 non
922 2077 1148 2127 habemus3
1178 2092 1225 2116 ea
1254 2089 1387 2117 tamen
1413 2079 1462 2116 ab
1489 2078 1704 2130 Dryadum

204 2146 356 2176 natura
399 2136 467 2177 vix
508 2150 559 2176 ac
596 2150 652 2175 ne
691 2136 761 2175 vix
811 2135 983 2189 quidem
1035 2134 1264 2173 abliorrere
1309 2134 1704 2180 existimaverimus,

209 2193 309 2247 quia
334 2201 377 2232 et
401 2206 577 2232 nemora
605 2191 817 2232 maritima
852 2191 1007 2243 passim
1035 2189 1260 2236 frondent,
1306 2200 1347 2228 et
1376 2203 1527 2241 pascua
1561 2198 1706 2243 patent

207 2249 255 2288 in
286 2248 491 2295 vallibus,
536 2262 644 2304 quae
678 2262 702 2287 e
745 2246 988 2286 monticulis
1027 2246 1258 2285 secundum
1294 2246 1511 2286 Oceanum
1549 2245 1704 2298 passim

207 2304 535 2344 decurrentibus
587 2304 638 2343 ad
685 2318 800 2343 oram
852 2303 1133 2350 inclinantur,
1177 2301 1274 2340 dum
1319 2303 1360 2340 in
1402 2302 1703 2355 Rhizophorae

205 2362 402 2414 Mangles
419 2361 594 2412 sylvulas
621 2360 848 2399 maritimas
870 2358 1067 2397 dederint
1084 2355 1314 2406 (Camboas
1344 2358 1489 2396 dicunt
1520 2358 1564 2396 in
1587 2370 1709 2410 prov.

206 2414 468 2465 Searae'nsi).
538 2419 590 2455 At
617 2425 763 2456 contra
788 2415 832 2453 in
859 2414 980 2467 hujus
1017 2414 1164 2466 plagae
1205 2423 1318 2452 terra
1351 2415 1598 2452 continente
1635 2413 1710 2452 de-

207 2481 306 2512 sunt
333 2474 472 2525 sylvae
495 2473 735 2525 primaevae
755 2471 1143 2523 sempervirentes,
1174 2483 1403 2523 earumque
1434 2470 1530 2509 loco
1564 2481 1711 2508 succe·

212 2529 276 2568 dit
300 2528 438 2568 forma
474 2527 786 2580 vegetationis,
818 2541 942 2580 quam
973 2527 1106 2577 sylvas
1134 2524 1431 2576 Cau-lingas,
1481 2526 1510 2564 i.
1543 2538 1582 2564 e.
1612 2537 1714 2578 per-

213 2585 381 2637 spicuas
414 2585 546 2638 (quod
570 2594 689 2622 aestu
718 2584 908 2636 aphyllae
934 2582 1060 2630 sint),
1095 2582 1193 2620 indo
1221 2582 1419 2620 idiomate
1454 2588 1710 2633 nuncupant,

215 2641 270 2681 de
298 2640 450 2695 quilius
483 2640 526 2679 id
561 2639 791 2679 notandum
821 2638 984 2685 habeo,
1028 2651 1122 2677 esse
1152 2638 1385 2690 graminum
1421 2637 1541 2675 valde
1573 2636 1713 2675 orbas.

213 2697 299 2737 Ubi
338 2706 478 2734 tamen
526 2696 666 2746 sylvae
713 2695 792 2734 hae
828 2693 1100 2746 Cau-lingas
1135 2693 1175 2732 in
1218 2693 1417 2732 distortas
1462 2704 1714 2745 sparsasque

215 2753 461 2792 arbusculas
497 2749 773 2800 (Taboleiro)
803 2749 1110 2797 humiliantur,
1152 2749 1333 2788 solitarii
1366 2751 1600 2802 graminum
1631 2749 1715 2787 fas-

151 2827 154 2829 ·
212 2809 343 2848 ciculi
385 2818 642 2854 nascuntur,
696 2807 769 2860 qui
811 2805 1072 2859 caespitibus
1105 2804 1329 2848 diseretis,
1387 2807 1533 2843 colore
1567 2803 1717 2842 viridi-

210 2864 363 2906 incano
391 2873 434 2904 et
465 2864 624 2918 insigni
652 2863 929 2917 pubescentia
966 2861 1155 2916 gramina
1202 2861 1261 2901 sic
1298 2861 1508 2901 dictorum
1551 2871 1718 2912 campo-
